Quantity,Name,CardNumber,Expansion Code,Expansion Name,PurchasePrice,Foil,Condition,Language,PurchaseDate,Single Current Price,Total Current Price
1,A Tale for the Ages,34,woe,Wilds of Eldraine,0.05,false,NearMint,English,20231001,0.05,0.05
1,Abiding Grace,1,mh2,Modern Horizons 2,0.04,false,NearMint,English,20230912,0.04,0.04
3,Abrade,406,dbl,Innistrad: Double Feature,0.5,false,NearMint,English,20230907,0.49,1.47
1,Academy Elite,20,cns,Conspiracy,0.1,false,NearMint,English,20230911,0.1,0.1
1,Act of Heroism,1,hou,Hour of Devastation,0.01,false,NearMint,English,20230912,0.01,0.01
1,Act of Treason,118,a25,Masters 25,0.02,false,NearMint,English,20230912,0.02,0.02
1,Adanto Vanguard,1,xln,Ixalan,0.09,false,NearMint,English,20230912,0.07,0.07
3,Aegis Automaton,141,aer,Aether Revolt,0.01,false,NearMint,English,20230911,0.01,0.03
2,Aerial Assault,1,m20,Core Set 2020,0.01,false,NearMint,English,20230912,0.01,0.02
2,Aetherblade Agent,88,mom,March of the Machine,0.01,false,NearMint,English,20230911,0.01,0.02
1,"Aetherwing, Golden-Scale Flagship",234,mom,March of the Machine,0.01,false,NearMint,English,20230911,0.01,0.01
1,Agatha's Champion,160,woe,Wilds of Eldraine,0.01,false,NearMint,English,20230916,0.01,0.01
1,Agatha's Champion,160,woe,Wilds of Eldraine,0.01,true,NearMint,English,20231001,0.01,0.01
1,Agitator Ant,102,nec,Neon Dynasty Commander,0.1,false,NearMint,English,20230911,0.1,0.1
1,Akki Ember-Keeper,130,neo,Kamigawa: Neon Dynasty,0.01,false,NearMint,English,20230912,0.01,0.01
1,Akki Ronin,319,neo,Kamigawa: Neon Dynasty,0.01,false,NearMint,English,20230912,0.01,0.01
3,Akki War Paint,132,neo,Kamigawa: Neon Dynasty,0.01,false,NearMint,English,20230911,0.01,0.03
1,Akki War Paint,132,neo,Kamigawa: Neon Dynasty,0.01,false,NearMint,English,20230912,0.01,0.01
1,Akoum Teeth,134,znr,Zendikar Rising,0.01,false,NearMint,English,20230911,0.01,0.01
1,Akoum Warrior,134,znr,Zendikar Rising,0.01,false,NearMint,English,20230911,0.01,0.01
1,Alabaster Host Sanctifier,4,mom,March of the Machine,0.01,false,NearMint,English,20230911,0.01,0.01
1,Ambuscade,110,hou,Hour of Devastation,0.01,false,NearMint,English,20230912,0.01,0.01
1,Amorphous Axe,295,cmr,Commander Legends,0.01,false,NearMint,English,20230911,0.01,0.01
1,Ancestral Blade,6,gn3,Game Night: Free-for-All,0.01,false,NearMint,English,20230912,0.01,0.01
1,Angelic Gift,7,cmr,Commander Legends,0.01,false,NearMint,English,20230912,0.01,0.01
1,Annoyed Altisaur,216,cmr,Commander Legends,0.01,false,NearMint,English,20230912,0.01,0.01
1,Anointed Chorister,4,m21,Core Set 2021,0.01,false,NearMint,English,20230911,0.01,0.01
2,Answered Prayers,2,mh1,Modern Horizons,0.01,false,NearMint,English,20230911,0.01,0.02
2,Antagonize,100,snc,Streets of New Capenna,0.01,false,NearMint,English,20230911,0.01,0.02
1,Apostle of Invasion,3,one,Phyrexia: All Will Be One,0.01,false,NearMint,English,20230912,0.01,0.01
1,Apostle of Purifying Light,6,m20,Core Set 2020,0.01,false,NearMint,English,20230912,0.01,0.01
1,Arachnoform,159,khm,Kaldheim,0.01,false,NearMint,English,20230912,0.01,0.01
2,Arachnoid Adaptation,175,mom,March of the Machine,0.01,false,NearMint,English,20230911,0.01,0.02
1,Arbor Armament,376,jmp,Jumpstart,0.01,false,NearMint,English,20230911,0.01,0.01
1,Arborea Pegasus,2,afr,Adventures in the Forgotten Realms,0.01,false,NearMint,English,20230912,0.01,0.01
1,Arcane Flight,43,dom,Dominaria,0.01,false,NearMint,English,20230912,0.01,0.01
4,Arcbound Bruiser,94,dst,Darksteel,0.04,false,NearMint,English,20230912,0.04,0.16
4,Arcbound Hybrid,97,dst,Darksteel,0.03,false,NearMint,English,20230912,0.03,0.12
1,Archon's Glory,2,woe,Wilds of Eldraine,0.01,false,NearMint,English,20230916,0.01,0.01
1,Ardent Elementalist,128,dbl,Innistrad: Double Feature,0.18,false,NearMint,English,20230911,0.19,0.19
1,Ardent Elementalist,128,mid,Innistrad: Midnight Hunt,0.01,false,NearMint,English,20230911,0.01,0.01
1,Ardenvale Tactician // Dizzying Swoop,273,veld,Throne of Eldraine Variants,0.14,false,NearMint,English,20230912,0.14,0.14
1,Armament of Nyx,4,jou,Journey into Nyx,0.01,false,NearMint,English,20230912,0.01,0.01
1,Armguard Familiar,46,neo,Kamigawa: Neon Dynasty,0.01,false,NearMint,English,20230912,0.01,0.01
3,"Aron, Benalia's Ruin",193,dmu,Dominaria United,0.01,false,NearMint,English,20230912,0.01,0.03
1,Ascendant Packleader,186,pvow,Innistrad: Crimson Vow Promos,0.24,true,NearMint,English,20230907,0.24,0.24
1,Ashen Reaper,232,mom,March of the Machine,0.01,false,NearMint,English,20230911,0.01,0.01
1,Ashiok's Reaper,79,woe,Wilds of Eldraine,0.02,false,NearMint,English,20230916,0.01,0.01
3,Asphyxiate,60,bng,Born of the Gods,0.01,false,NearMint,English,20230912,0.01,0.03
1,Aspirant's Ascent,40,one,Phyrexia: All Will Be One,0.01,false,NearMint,English,20230907,0.01,0.01
1,Assault Strobe,82,som,Scars of Mirrodin,0.1,false,NearMint,English,20230911,0.11,0.11
1,Atraxa's Skitterfang,223,one,Phyrexia: All Will Be One,0.01,false,NearMint,English,20230912,0.01,0.01
1,Attentive Skywarden,7,mom,March of the Machine,0.01,false,NearMint,English,20230911,0.01,0.01
1,Atzocan Archer,176,xln,Ixalan,0.01,false,NearMint,English,20230912,0.01,0.01
1,Audacity,169,bro,The Brothers' War,0.14,false,NearMint,English,20230912,0.09,0.09
1,Augmenting Automaton,143,aer,Aether Revolt,0.01,false,NearMint,English,20230911,0.01,0.01
1,Auramancer,1,dmr,Dominaria Remastered,0.01,false,NearMint,English,20230907,0.01,0.01
1,Auramancer,153,j22,Jumpstart 2022,0.07,false,NearMint,English,20230907,0.07,0.07
1,Automated Artificer,239,neo,Kamigawa: Neon Dynasty,0.01,false,NearMint,English,20230912,0.01,0.01
2,Aven Surveyor,57,cmr,Commander Legends,0.01,false,NearMint,English,20230912,0.01,0.02
1,Aven of Enduring Hope,5,hou,Hour of Devastation,0.01,false,NearMint,English,20230912,0.01,0.01
1,Awakened Skyclave,194,mom,March of the Machine,0.1,false,NearMint,English,20230912,0.09,0.09
2,Awoken Demon,100,dbl,Innistrad: Double Feature,0.06,false,NearMint,English,20230911,0.06,0.12
1,Axgard Armory,250,khm,Kaldheim,0.15,false,NearMint,English,20230911,0.15,0.15
1,Axgard Cavalry,494,j22,Jumpstart 2022,0.04,false,NearMint,English,20230912,0.04,0.04
1,"Ayara, First of Locthwain",75,peld,Throne of Eldraine Promos,2,false,NearMint,English,20230907,1.9,1.9
3,Backup Agent,2,snc,Streets of New Capenna,0.01,false,NearMint,English,20230907,0.01,0.03
1,Baithook Angler,42,dbl,Innistrad: Double Feature,0.03,false,NearMint,English,20230911,0.04,0.04
1,Bake into a Pie,1253,plist,The List,0.2,false,NearMint,English,20230916,0.2,0.2
1,Ballista Watcher,410,dbl,Innistrad: Double Feature,0.06,false,NearMint,English,20230911,0.06,0.06
1,Ballista Wielder,410,dbl,Innistrad: Double Feature,0.06,false,NearMint,English,20230911,0.06,0.06
1,Bamboo Grove Archer,173,neo,Kamigawa: Neon Dynasty,0.01,false,NearMint,English,20230912,0.01,0.01
1,Barricade Breaker,144,aer,Aether Revolt,0.01,false,NearMint,English,20230911,0.01,0.01
1,Barrow Naughty,81,woe,Wilds of Eldraine,0.01,false,NearMint,English,20230916,0.01,0.01
1,Basilica Skullbomb,224,one,Phyrexia: All Will Be One,0.01,false,NearMint,English,20230912,0.01,0.01
1,Bat Whisperer,86,dbl,Innistrad: Double Feature,0.05,false,NearMint,English,20230911,0.05,0.05
2,Bat Whisperer,86,mid,Innistrad: Midnight Hunt,0.01,false,NearMint,English,20230911,0.01,0.02
1,Battalion Foot Soldier,7,m20,Core Set 2020,0.01,false,NearMint,English,20230912,0.01,0.01
1,Battlefly Swarm,81,dmu,Dominaria United,0.01,false,NearMint,English,20230912,0.01,0.01
2,Beamtown Beatstick,131,mom,March of the Machine,0.01,false,NearMint,English,20230911,0.01,0.02
1,Belligerent Whiptail,141,bfz,Battle for Zendikar,0.01,false,NearMint,English,20230912,0.01,0.01
2,Bellowing Aegisaur,4,xln,Ixalan,0.25,false,NearMint,English,20230912,0.25,0.5
1,Benalish Commander,8,tsr,Time Spiral Remastered,0.15,false,NearMint,English,20230911,0.1,0.1
1,Berg Strider,277,j22,Jumpstart 2022,0.04,false,NearMint,English,20230912,0.04,0.04
1,Beskir Shieldmate,4,khm,Kaldheim,0.01,false,NearMint,English,20230912,0.01,0.01
1,Bestial Bloodline,162,woe,Wilds of Eldraine,0.01,false,NearMint,English,20231001,0.01,0.01
1,Bird Admirer,298,mid,Innistrad: Midnight Hunt,0.01,false,NearMint,English,20230911,0.01,0.01
1,Bishop of the Bloodstained,91,xln,Ixalan,0.02,false,NearMint,English,20230911,0.02,0.02
1,Bite Down,155,dmu,Dominaria United,0.02,false,NearMint,English,20230912,0.01,0.01
2,Bitter Chill,44,woe,Wilds of Eldraine,0.01,false,NearMint,English,20230916,0.01,0.02
1,Bitter Reunion,127,bro,The Brothers' War,0.1,false,NearMint,English,20230907,0.15,0.15
2,Bitterblade Warrior,157,akh,Amonkhet,0.01,false,NearMint,English,20230912,0.01,0.02
1,Blade Banish,4,iko,Ikoria: Lair of Behemoths,0.01,false,NearMint,English,20230912,0.01,0.01
1,Blade-Blizzard Kitsune,331,neo,Kamigawa: Neon Dynasty,0.01,false,NearMint,English,20230912,0.01,0.01
1,Bladed Battle-Fan,91,mom,March of the Machine,0.01,false,NearMint,English,20230912,0.01,0.01
1,Bladegraft Aspirant,122,one,Phyrexia: All Will Be One,0.01,false,NearMint,English,20230907,0.01,0.01
1,Blessed Defiance,5,mid,Innistrad: Midnight Hunt,0.01,false,NearMint,English,20230911,0.01,0.01
2,Blight Keeper,378,j22,Jumpstart 2022,0.01,false,NearMint,English,20230911,0.01,0.02
3,Blighted Burgeoning,177,mom,March of the Machine,0.01,false,NearMint,English,20230911,0.01,0.03
1,Blightreaper Thallid,92,mom,March of the Machine,0.01,false,NearMint,English,20230912,0.01,0.01
1,Blightsower Thallid,92,mom,March of the Machine,0.01,false,NearMint,English,20230912,0.01,0.01
3,Blink of an Eye,46,dom,Dominaria,0.04,false,NearMint,English,20230912,0.05,0.15
1,Blood Feud,83,dka,Dark Ascension,0.01,false,NearMint,English,20230912,0.01,0.01
1,Blood Pact,88,mid,Innistrad: Midnight Hunt,0.03,false,NearMint,English,20230911,0.03,0.03
4,Blood-Toll Harpy,129,cn2,Conspiracy: Take the Crown,0.01,false,NearMint,English,20230912,0.01,0.04
1,Bloodfell Caves,267,mom,March of the Machine,0.01,false,NearMint,English,20230911,0.05,0.05
1,Bloodsworn Knight,364,dbl,Innistrad: Double Feature,0.1,false,NearMint,English,20230911,0.1,0.1
1,Bloodsworn Squire,364,dbl,Innistrad: Double Feature,0.1,false,NearMint,English,20230911,0.1,0.1
1,Blossoming Sands,268,mom,March of the Machine,0.01,false,NearMint,English,20230911,0.01,0.01
1,Blunt the Assault,113,som,Scars of Mirrodin,0.09,false,NearMint,English,20230912,0.09,0.09
1,Bog Badger,156,dmu,Dominaria United,0.01,false,NearMint,English,20230912,0.01,0.01
4,Boggart Brute,131,m19,Core Set 2019,0.01,false,NearMint,English,20230912,0.01,0.04
2,Bonded Herdbeast,178,mom,March of the Machine,0.01,false,NearMint,English,20230911,0.01,0.02
2,Bone Splinters,83,dmu,Dominaria United,0.01,false,NearMint,English,20230912,0.01,0.02
3,Bone to Ash,47,m19,Core Set 2019,0.01,false,NearMint,English,20230912,0.01,0.03
2,Borrowed Time,6,mid,Innistrad: Midnight Hunt,0.03,false,NearMint,English,20230911,0.02,0.04
1,Bortuk Bonerattle,296,dmu,Dominaria United,0.01,false,NearMint,English,20230912,0.01,0.01
1,Botanical Plaza,247,snc,Streets of New Capenna,0.01,false,NearMint,English,20230911,0.01,0.01
1,Boulderbranch Golem,197,bro,The Brothers' War,0.01,false,NearMint,English,20230912,0.01,0.01
3,Bound in Gold,5,khm,Kaldheim,0.01,false,NearMint,English,20230912,0.01,0.03
1,Bounding Wolf,633,j22,Jumpstart 2022,0.01,false,NearMint,English,20230911,0.01,0.01
1,Bramble Armor,171,dbl,Innistrad: Double Feature,0.01,false,NearMint,English,20230911,0.01,0.01
1,Breaking of the Fellowship,117,ltr,The Lord of the Rings: Tales of Middle-earth,0.01,false,NearMint,English,20230911,0.01,0.01
1,Breaking of the Fellowship,117,ltr,The Lord of the Rings: Tales of Middle-earth,0.01,false,NearMint,English,20230912,0.01,0.01
1,Breakneck Berserker,124,khm,Kaldheim,0.01,false,NearMint,English,20230912,0.01,0.01
2,Brightwood Tracker,166,m20,Core Set 2020,0.01,false,NearMint,English,20230912,0.01,0.02
1,Brine Giant,44,thb,Theros Beyond Death,0.01,false,NearMint,English,20230912,0.01,0.01
1,Brinebarrow Intruder,49,khm,Kaldheim,0.01,false,NearMint,English,20230912,0.01,0.01
1,Broken Wings,90,gn3,Game Night: Free-for-All,0.06,false,NearMint,English,20230912,0.06,0.06
2,Brute Suit,241,neo,Kamigawa: Neon Dynasty,0.01,false,NearMint,English,20230907,0.01,0.02
1,Bulette,173,afr,Adventures in the Forgotten Realms,0.01,false,NearMint,English,20230911,0.01,0.01
1,Burn the Accursed,132,mid,Innistrad: Midnight Hunt,0.01,false,NearMint,English,20230907,0.01,0.01
1,Burn the Accursed,132,dbl,Innistrad: Double Feature,0.01,false,NearMint,English,20230907,0.02,0.02
1,Burning Hands,135,afr,Adventures in the Forgotten Realms,0.01,false,NearMint,English,20230911,0.01,0.01
1,Burnished Dunestomper,43,mom,March of the Machine,0.01,false,NearMint,English,20230911,0.01,0.01
1,Cackling Culprit,28,vow,Innistrad: Crimson Vow,0.01,false,NearMint,English,20230911,0.01,0.01
1,Cacophony Scamp,124,one,Phyrexia: All Will Be One,0.01,false,NearMint,English,20230907,0.01,0.01
1,Callous Sell-Sword // Burn Together,221,woe,Wilds of Eldraine,0.01,false,NearMint,English,20230916,0.01,0.01
1,Candletrap,9,dbl,Innistrad: Double Feature,0.03,false,NearMint,English,20230911,0.04,0.04
1,Capture Sphere,44,iko,Ikoria: Lair of Behemoths,0.01,false,NearMint,English,20230912,0.01,0.01
1,Careful Cultivation,178,neo,Kamigawa: Neon Dynasty,0.01,false,NearMint,English,20230912,0.01,0.01
1,Cat Token,8,tdmr,Dominaria Remastered Tokens,0.01,false,NearMint,English,20230907,0.01,0.01
3,Catalyst Elemental,510,j22,Jumpstart 2022,0.02,false,NearMint,English,20230912,0.02,0.06
1,Celestial Enforcer,11,m21,Core Set 2021,0.01,false,NearMint,English,20230911,0.01,0.01
1,Cephalopod Sentry,198,one,Phyrexia: All Will Be One,0.01,false,NearMint,English,20230912,0.01,0.01
1,Changeling Outcast,82,mh1,Modern Horizons,0.23,false,NearMint,English,20230911,0.21,0.21
1,Charforger,199,one,Phyrexia: All Will Be One,0.01,false,NearMint,English,20230907,0.01,0.01
1,Charging Badger,118,bng,Born of the Gods,0.01,false,NearMint,English,20230912,0.01,0.01
1,Charmed Sleep,50,afr,Adventures in the Forgotten Realms,0.01,false,NearMint,English,20230911,0.01,0.01
1,Charmed Sleep,40,eld,Throne of Eldraine,0.01,false,NearMint,English,20230912,0.01,0.01
1,Chief of the Foundry,225,ori,Magic Origins,0.04,false,NearMint,English,20230911,0.04,0.04
1,Chillerpillar,280,j22,Jumpstart 2022,0.05,false,NearMint,English,20230911,0.04,0.04
1,Chomping Kavu,179,mom,March of the Machine,0.01,false,NearMint,English,20230911,0.01,0.01
1,Cipherbound Spirit,346,dbl,Innistrad: Double Feature,0.01,false,NearMint,English,20230911,0.01,0.01
2,Citywatch Sphinx,33,grn,Guilds of Ravnica,0.01,false,NearMint,English,20230911,0.01,0.02
1,Clan Defiance,151,gtc,Gatecrash,0.09,false,NearMint,English,20230911,0.09,0.09
1,Cleansing Nova,9,m19,Core Set 2019,0.25,false,NearMint,English,20230911,0.25,0.25
1,Cleansing Ray,4,rix,Rivals of Ixalan,0.01,false,NearMint,English,20230912,0.01,0.01
1,Cleaving Skyrider,12,dmu,Dominaria United,0.01,false,NearMint,English,20230912,0.01,0.01
1,Clever Distraction,9,vow,Innistrad: Crimson Vow,0.01,false,NearMint,English,20230911,0.01,0.01
1,Cloud of Faeries,43,dmr,Dominaria Remastered,0.01,false,NearMint,English,20230907,0.01,0.01
1,Cloud of Faeries,43,dmr,Dominaria Remastered,0.01,false,NearMint,English,20230912,0.01,0.01
1,Cloudreader Sphinx,47,dom,Dominaria,0.01,false,NearMint,English,20230912,0.01,0.01
2,Cogwork Assembler,761,j22,Jumpstart 2022,0.03,false,NearMint,English,20230911,0.05,0.1
1,Collective Nightmare,95,mom,March of the Machine,0.01,false,NearMint,English,20230911,0.01,0.01
1,Colossapede,161,akh,Amonkhet,0.01,false,NearMint,English,20230912,0.01,0.01
1,Combat Research,44,dmu,Dominaria United,0.1,false,NearMint,English,20230912,0.08,0.08
1,Coming In Hot,136,mom,March of the Machine,0.01,false,NearMint,English,20230911,0.01,0.01
1,Compleat Devotion,7,one,Phyrexia: All Will Be One,0.01,false,NearMint,English,20230912,0.01,0.01
1,Compleated Huntmaster,96,mom,March of the Machine,0.01,false,NearMint,English,20230911,0.01,0.01
1,Component Collector,43,dbl,Innistrad: Double Feature,0.01,false,NearMint,English,20230911,0.02,0.02
1,Conceited Witch // Price of Beauty,84,woe,Wilds of Eldraine,0.03,false,NearMint,English,20230916,0.01,0.01
1,Conclave Naturalists,160,2xm,Double Masters,0.03,true,NearMint,English,20230911,0.03,0.03
1,Congregate,8,a25,Masters 25,0.09,false,NearMint,English,20230907,0.09,0.09
1,Consuming Tide,53,pvow,Innistrad: Crimson Vow Promos,0.44,true,NearMint,English,20230907,0.44,0.44
1,Contract Killing,95,xln,Ixalan,0.01,false,NearMint,English,20230911,0.01,0.01
3,Converter Beast,180,mom,March of the Machine,0.01,false,NearMint,English,20230911,0.01,0.03
3,Convolute,45,iko,Ikoria: Lair of Behemoths,0.01,false,NearMint,English,20230912,0.01,0.03
2,Cooped Up,8,woe,Wilds of Eldraine,0.01,false,NearMint,English,20230916,0.01,0.02
1,Copper Host Crusher,181,mom,March of the Machine,0.01,false,NearMint,English,20230911,0.01,0.01
1,Coralhelm Guide,49,a25,Masters 25,0.01,false,NearMint,English,20230912,0.01,0.01
2,Cosmic Hunger,182,mom,March of the Machine,0.01,false,NearMint,English,20230911,0.01,0.02
3,Costly Plunder,96,xln,Ixalan,0.08,false,NearMint,English,20230912,0.07,0.21
2,Courier Bat,102,vow,Innistrad: Crimson Vow,0.01,false,NearMint,English,20230911,0.01,0.02
2,Crackdown Construct,148,aer,Aether Revolt,0.03,false,NearMint,English,20230911,0.03,0.06
1,Crash Through,133,m19,Core Set 2019,0.09,false,NearMint,Russian,20230912,0.01,0.01
7,Crash Through,140,m21,Core Set 2021,0.02,false,NearMint,English,20230912,0.01,0.07
1,Craven Hulk,127,khm,Kaldheim,0.01,false,NearMint,English,20230912,0.01,0.01
1,Crawling Chorus,8,one,Phyrexia: All Will Be One,0.01,false,NearMint,English,20230912,0.01,0.01
1,Creepy Puppeteer,151,vow,Innistrad: Crimson Vow,0.01,false,NearMint,English,20230907,0.01,0.01
1,Crop Rotation,154,dmr,Dominaria Remastered,0.55,false,NearMint,English,20230907,0.55,0.55
1,Cruel Witness,55,vow,Innistrad: Crimson Vow,0.01,false,NearMint,English,20230911,0.01,0.01
1,Crumble,191,3ed,Revised Edition,0.1,false,NearMint,English,20230912,0.1,0.1
1,Crushing Canopy,194,vow,Innistrad: Crimson Vow,0.01,false,NearMint,English,20230911,0.01,0.01
1,Crushing Canopy,183,xln,Ixalan,0.01,false,NearMint,English,20230912,0.01,0.01
1,Cryptic Spires,332,2x2,Double Masters 2022,0.01,false,NearMint,English,20230912,0.01,0.01
2,Crystal Carapace,183,mom,March of the Machine,0.01,false,NearMint,English,20230911,0.01,0.02
1,Crystal Grotto,254,woe,Wilds of Eldraine,0.01,false,NearMint,English,20230916,0.01,0.01
1,Culling Drone,91,bfz,Battle for Zendikar,0.01,false,NearMint,English,20230912,0.01,0.01
1,Cult Conscript,88,dmu,Dominaria United,0.01,false,NearMint,English,20230912,0.01,0.01
1,Curate,44,bro,The Brothers' War,0.01,false,NearMint,English,20230907,0.01,0.01
1,Curiosity,17,wot,Wilds of Eldraine: Enchanting Tales,0.01,false,NearMint,English,20230916,0.01,0.01
1,Curse of the Werefox,167,woe,Wilds of Eldraine,0.01,false,NearMint,English,20231001,0.01,0.01
1,Cursed Courtier,9,woe,Wilds of Eldraine,0.01,false,NearMint,English,20230916,0.01,0.01
1,"Danitha Capashen, Paragon",370,cmr,Commander Legends,0.1,false,NearMint,English,20230912,0.2,0.2
1,"Daxos, Blessed by the Sun",2,mul,Multiverse Legends,0.01,false,NearMint,English,20230912,0.01,0.01
1,Daybreak Combatants,420,dbl,Innistrad: Double Feature,0.01,false,NearMint,English,20230911,0.01,0.01
1,Dead Weight,83,iko,Ikoria: Lair of Behemoths,0.01,false,NearMint,English,20230912,0.01,0.01
1,Deadeye Quartermaster,50,xln,Ixalan,0.11,false,NearMint,English,20230912,0.17,0.17
1,Deadeye Tormentor,98,xln,Ixalan,0.01,false,NearMint,English,20230911,0.01,0.01
1,Deadly Derision,99,mom,March of the Machine,0.01,false,NearMint,English,20230911,0.01,0.01
2,Deathbloom Thallid,395,j22,Jumpstart 2022,0.05,false,NearMint,English,20230912,0.04,0.08
1,Deep Freeze,346,mb1,Mystery Booster,0.05,false,NearMint,English,20230912,0,0
1,Defend the Celestus,182,dbl,Innistrad: Double Feature,0.02,false,NearMint,English,20230911,0.03,0.03
1,Delver's Torch,10,afr,Adventures in the Forgotten Realms,0.01,false,NearMint,English,20230911,0.01,0.01
1,Demonic Gifts,398,j22,Jumpstart 2022,0.05,false,NearMint,English,20230911,0.05,0.05
1,Demonic Gifts,398,j22,Jumpstart 2022,0.05,false,NearMint,English,20230912,0.05,0.05
2,Demystify,8,xln,Ixalan,0.01,false,NearMint,English,20230912,0.01,0.02
1,Desperate Castaways,101,xln,Ixalan,0.01,false,NearMint,English,20230911,0.01,0.01
1,Destroy Evil,17,dmu,Dominaria United,0.5,true,NearMint,English,20230911,0.5,0.5
2,Destructive Digger,134,m20,Core Set 2020,0.01,false,NearMint,English,20230912,0.01,0.02
1,Devout Decree,13,m20,Core Set 2020,0.01,false,NearMint,English,20230912,0.01,0.01
1,Diabolic Edict,85,a25,Masters 25,0.04,false,NearMint,English,20230911,0.04,0.04
2,Dinosaur Hunter,67,rix,Rivals of Ixalan,0.01,false,NearMint,English,20230912,0.01,0.02
1,Dire-Strain Brawler,203,mid,Innistrad: Midnight Hunt,0.01,false,NearMint,English,20230911,0.01,0.01
3,Disciple of Phenax,84,ths,Theros,0.01,false,NearMint,English,20230912,0.01,0.03
1,Disposal Mummy,9,hou,Hour of Devastation,0.01,false,NearMint,English,20230912,0.01,0.01
1,Dissipate,49,dbl,Innistrad: Double Feature,0.01,false,NearMint,English,20230911,0.01,0.01
1,Distended Mindbender,3,emn,Eldritch Moon,0.1,false,NearMint,English,20230911,0.1,0.1
1,Distracting Geist,9,vow,Innistrad: Crimson Vow,0.01,false,NearMint,English,20230911,0.01,0.01
1,Divine Verdict,5,rix,Rivals of Ixalan,0.01,false,NearMint,English,20230912,0.01,0.01
1,Djeru's Renunciation,11,hou,Hour of Devastation,0.01,false,NearMint,English,20230912,0.01,0.01
1,Dodecapod,134,apc,Apocalypse,0.07,false,NearMint,English,20230907,0.07,0.07
1,Dogged Pursuit,85,khm,Kaldheim,0.01,false,NearMint,English,20230912,0.01,0.01
1,Dokuchi Shadow-Walker,94,neo,Kamigawa: Neon Dynasty,0.01,false,NearMint,English,20230912,0.01,0.01
1,Dominator Drone,51,ddp,Duel Decks: Zendikar vs. Eldrazi,0.05,false,NearMint,English,20230912,0.05,0.05
1,Dragon Engine,222,dmr,Dominaria Remastered,0.01,false,NearMint,English,20230907,0.01,0.01
1,Dragon Mantle,119,ths,Theros,0.01,false,NearMint,English,20230912,0.01,0.01
1,Dragonfly Suit,9,neo,Kamigawa: Neon Dynasty,0.01,false,NearMint,English,20230912,0.01,0.01
1,Dragonkin Berserker,131,pkhm,Kaldheim Promos,0.36,true,NearMint,English,20230911,0.36,0.36
1,Dread Defiler,68,ogw,Oath of the Gatewatch,0.08,false,NearMint,English,20230911,0.08,0.08
1,Dread Rider,404,j22,Jumpstart 2022,0.07,false,NearMint,English,20230911,0.07,0.07
1,Dream Spoilers,85,woe,Wilds of Eldraine,0.01,false,NearMint,English,20231001,0.01,0.01
1,Dreamshackle Geist,58,pvow,Innistrad: Crimson Vow Promos,0.23,true,NearMint,English,20230907,0.25,0.25
1,Dreg Recycler,100,mom,March of the Machine,0.01,false,NearMint,English,20230911,0.01,0.01
1,Driver of the Dead,90,2xm,Double Masters,0.01,false,NearMint,English,20230912,0.01,0.01
1,Drownyard Amalgam,50,dbl,Innistrad: Double Feature,0.05,false,NearMint,English,20230911,0.05,0.05
2,Duel for Dominance,184,dbl,Innistrad: Double Feature,0.01,false,NearMint,English,20230911,0.04,0.08
1,Dukhara Peafowl,207,kld,Kaladesh,0.01,false,NearMint,English,20230911,0.01,0.01
1,Duskwielder,91,khm,Kaldheim,0.01,false,NearMint,English,20230911,0.01,0.01
1,Dwarven Forge-Chanter,131,bro,The Brothers' War,0.01,false,NearMint,English,20230911,0.01,0.01
1,Dwarven Mine,243,eld,Throne of Eldraine,0.1,false,NearMint,English,20230912,0.1,0.1
1,Eagle of the Watch,9,jou,Journey into Nyx,0.01,false,NearMint,English,20230912,0.01,0.01
1,Easterling Vanguard,83,ltr,The Lord of the Rings: Tales of Middle-earth,0.01,true,NearMint,English,20230911,0.01,0.01
1,Eat to Extinction,90,pthb,Theros Beyond Death Promos,0.16,false,NearMint,English,20230911,0.16,0.16
2,Ecstatic Awakener,100,dbl,Innistrad: Double Feature,0.06,false,NearMint,English,20230911,0.06,0.12
1,Ego Drain,86,woe,Wilds of Eldraine,0.05,true,NearMint,English,20230916,0.02,0.02
1,Ego Drain,86,woe,Wilds of Eldraine,0.01,false,NearMint,English,20231001,0.01,0.01
2,"Elas il-Kor, Sadistic Pilgrim",297,dmu,Dominaria United,0.01,false,NearMint,English,20230912,0.02,0.04
2,Elderleaf Mentor,652,j22,Jumpstart 2022,0.01,false,NearMint,English,20230912,0.01,0.02
1,Electrostatic Infantry,122,dmu,Dominaria United,0.01,false,NearMint,English,20230912,0.01,0.01
1,Elspeth's Smite,13,mom,March of the Machine,0.01,false,NearMint,English,20230907,0.01,0.01
1,Elspeth's Smite,13,mom,March of the Machine,0.01,false,NearMint,English,20230911,0.01,0.01
1,Elven Farsight,161,ltr,The Lord of the Rings: Tales of Middle-earth,0.01,false,NearMint,English,20230912,0.01,0.01
1,Elvish Berserker,237,9ed,Ninth Edition,0.01,false,NearMint,English,20230912,0.01,0.01
1,Elvish Vatkeeper,223,mom,March of the Machine,0.01,false,NearMint,English,20230911,0.01,0.01
2,Elvish Vatkeeper,223,mom,March of the Machine,0.01,false,NearMint,English,20230912,0.01,0.02
1,Emergency Weld,93,bro,The Brothers' War,0.01,false,NearMint,English,20230907,0.01,0.01
1,Empty the Warrens,318,dmr,Dominaria Remastered,0.01,false,NearMint,English,20230907,0.01,0.01
1,Encrust,53,m15,Magic 2015,0.01,false,NearMint,English,20230912,0.01,0.01
1,Enhanced Surveillance,40,grn,Guilds of Ravnica,0.04,false,NearMint,English,20230911,0.04,0.04
1,Enter the Unknown,128,rix,Rivals of Ixalan,0.14,false,NearMint,English,20230912,0.14,0.14
2,Ephara's Dispersal,55,mom,March of the Machine,0.01,false,NearMint,English,20230911,0.01,0.02
1,Epic Confrontation,176,bro,The Brothers' War,0.01,false,NearMint,English,20230907,0.01,0.01
1,Era of Enlightenment,11,neo,Kamigawa: Neon Dynasty,0.01,false,NearMint,English,20230912,0.01,0.01
1,Erebos's Intervention,94,pthb,Theros Beyond Death Promos,0.68,true,NearMint,English,20230911,0.69,0.69
1,Eriette's Tempting Apple,245,woe,Wilds of Eldraine,0.08,true,NearMint,English,20230916,0.05,0.05
1,Eriette's Tempting Apple,245,woe,Wilds of Eldraine,0.01,false,NearMint,English,20230916,0.01,0.01
1,Eriette's Whisper,88,woe,Wilds of Eldraine,0.01,false,NearMint,English,20231001,0.01,0.01
1,Essence Scatter,49,dmu,Dominaria United,0.01,false,NearMint,English,20230912,0.01,0.01
1,Essence Symbiote,149,iko,Ikoria: Lair of Behemoths,0.01,false,NearMint,English,20230912,0.01,0.01
1,Estwald Shieldbasher,11,vow,Innistrad: Crimson Vow,0.01,false,NearMint,English,20230911,0.01,0.01
1,Etched Familiar,101,mom,March of the Machine,0.01,false,NearMint,English,20230912,0.01,0.01
1,Etched Host Doombringer,102,mom,March of the Machine,0.01,false,NearMint,English,20230907,0.01,0.01
4,Etching of Kumano,152,neo,Kamigawa: Neon Dynasty,0.04,false,NearMint,English,20230911,0.01,0.04
1,Ethereal Valkyrie,16,khc,Kaldheim Commander,0.01,false,NearMint,English,20230911,0.15,0.15
1,Evolving Wilds,256,woe,Wilds of Eldraine,0.03,false,NearMint,English,20230916,0.03,0.03
2,Excavation Explosion,132,bro,The Brothers' War,0.01,false,NearMint,English,20230911,0.01,0.02
1,Expedition Champion,138,znr,Zendikar Rising,0.01,true,NearMint,English,20230911,0.01,0.01
1,Expel the Interlopers,13,pwoe,Wilds of Eldraine Promos,0.52,false,NearMint,English,20230916,0.5,0.5
1,Expel the Interlopers,13,woe,Wilds of Eldraine,0.09,false,NearMint,English,20230916,0.09,0.09
1,Explosive Entry,139,neo,Kamigawa: Neon Dynasty,0.01,false,NearMint,English,20230912,0.01,0.01
1,Expose to Daylight,506,plist,The List,0.05,false,NearMint,English,20230912,0.04,0.04
1,Extraction Specialist,12,psnc,Streets of New Capenna Promos,1.29,true,NearMint,English,20230907,0.91,0.91
1,Exuberant Fuseling,129,one,Phyrexia: All Will Be One,0.01,false,NearMint,English,20230907,0.01,0.01
1,Exultant Skymarcher,7,rix,Rivals of Ixalan,0.01,false,NearMint,English,20230912,0.01,0.01
1,Eye Collector,86,eld,Throne of Eldraine,0.01,false,NearMint,English,20230912,0.01,0.01
1,Eyeblight Assassin,95,ori,Magic Origins,0.01,false,NearMint,English,20230912,0.01,0.01
2,Fading Hope,51,mid,Innistrad: Midnight Hunt,0.3,false,NearMint,English,20230907,0.28,0.56
1,Faerie Fencing,90,woe,Wilds of Eldraine,0.01,false,NearMint,English,20231001,0.01,0.01
2,Failed Conversion,103,mom,March of the Machine,0.01,false,NearMint,English,20230912,0.01,0.02
1,Falkenrath Celebrants,156,vow,Innistrad: Crimson Vow,0.01,false,NearMint,English,20230911,0.01,0.01
1,Fall from Favor,68,cmr,Commander Legends,0.01,false,NearMint,English,20230912,0.01,0.01
1,Fallaji Chaindancer,134,bro,The Brothers' War,0.01,false,NearMint,English,20230911,0.01,0.01
1,Fang of Shigeki,183,neo,Kamigawa: Neon Dynasty,0.01,false,NearMint,English,20230912,0.01,0.01
1,Fates' Reversal,102,afr,Adventures in the Forgotten Realms,0.01,false,NearMint,English,20230912,0.01,0.01
1,Fathom Fleet Boarder,71,rix,Rivals of Ixalan,0.01,false,NearMint,English,20230912,0.01,0.01
1,Fathom Fleet Cutthroat,100,m20,Core Set 2020,0.01,false,NearMint,English,20230911,0.01,0.01
1,Fear of Death,326,dbl,Innistrad: Double Feature,0.02,false,NearMint,English,20230911,0.01,0.01
1,Fearful Villager,424,dbl,Innistrad: Double Feature,0.04,false,NearMint,English,20230911,0.05,0.05
1,Fearless Skald,138,mom,March of the Machine,0.01,false,NearMint,English,20230911,0.01,0.01
1,Fearsome Werewolf,424,dbl,Innistrad: Double Feature,0.04,false,NearMint,English,20230911,0.05,0.05
1,Feed the Serpent,95,khm,Kaldheim,0.01,false,NearMint,English,20230912,0.01,0.01
4,Felhide Minotaur,87,ths,Theros,0.01,false,NearMint,English,20230912,0.01,0.04
1,Fencing Ace,21,cmr,Commander Legends,0.01,false,NearMint,English,20230912,0.01,0.01
4,Feral Invocation,396,jmp,Jumpstart,0.01,false,NearMint,English,20230912,0.01,0.04
1,Feral Prowler,115,hou,Hour of Devastation,0.01,false,NearMint,English,20230912,0.01,0.01
1,Ferocious Werefox // Guard Change,170,woe,Wilds of Eldraine,0.01,false,NearMint,English,20231001,0.01,0.01
1,Fertilid,199,bbd,Battlebond,0.04,false,NearMint,English,20230911,0.04,0.04
2,Fertilid's Favor,186,mom,March of the Machine,0.01,false,NearMint,English,20230911,0.01,0.02
1,Fierce Empath,288,cmm,Commander Masters,0.05,true,NearMint,English,20230911,0.08,0.08
1,Fierce Empath,288,cmm,Commander Masters,0.01,false,NearMint,English,20230912,0.01,0.01
1,Fiery Inscription,126,ltr,The Lord of the Rings: Tales of Middle-earth,0.04,false,NearMint,English,20230911,0.1,0.1
1,Fiery Intervention,531,j22,Jumpstart 2022,0.02,false,NearMint,English,20230912,0.02,0.02
2,Filigree Crawler,150,aer,Aether Revolt,0.01,false,NearMint,English,20230911,0.01,0.02
1,Final Flourish,104,mom,March of the Machine,0.01,false,NearMint,English,20230912,0.01,0.01
1,Fire // Ice,215,dmr,Dominaria Remastered,0.01,false,NearMint,English,20230907,0.01,0.01
1,Firecannon Blast,533,j22,Jumpstart 2022,0.01,false,NearMint,English,20230912,0.01,0.01
1,First-Sphere Gargantua,248,moc,March of the Machine Commander,0.02,false,NearMint,English,20230911,0.02,0.02
1,Flame Slash,145,roe,Rise of the Eldrazi,0.05,false,NearMint,English,20230912,0.14,0.14
2,Flame-Blessed Bolt,158,vow,Innistrad: Crimson Vow,0.01,false,NearMint,English,20230911,0.01,0.02
1,Flametongue Kavu,319,jmp,Jumpstart,0.01,false,NearMint,English,20230907,0.01,0.01
1,Flare of Faith,19,mid,Innistrad: Midnight Hunt,0.01,false,NearMint,English,20230911,0.01,0.01
1,Flayer Husk,110,pc2,Planechase 2012,0.09,false,NearMint,English,20230912,0.09,0.09
1,Flensing Raptor,12,one,Phyrexia: All Will Be One,0.01,false,NearMint,English,20230912,0.01,0.01
1,Flip the Switch,54,dbl,Innistrad: Double Feature,0.07,false,NearMint,English,20230911,0.08,0.08
1,Flood of Recollection,38,rix,Rivals of Ixalan,0.05,false,NearMint,English,20230912,0.05,0.05
1,Floodgate,49,dmr,Dominaria Remastered,0.01,false,NearMint,English,20230907,0.01,0.01
2,Flourishing Hunter,662,j22,Jumpstart 2022,0.02,false,NearMint,English,20230907,0.01,0.02
1,Flowstone Kavu,125,dmu,Dominaria United,0.01,false,NearMint,English,20230912,0.01,0.01
1,Flutterfox,12,eld,Throne of Eldraine,0.01,false,NearMint,English,20230912,0.01,0.01
1,Food Fight,129,pwoe,Wilds of Eldraine Promos,1,true,NearMint,English,20230916,0.7,0.7
1,Forced Fruition,18,wot,Wilds of Eldraine: Enchanting Tales,0.19,false,NearMint,English,20230916,0.18,0.18
11,Forest,384,mid,Innistrad: Midnight Hunt,0.01,false,NearMint,English,20230907,0.01,0.11
4,Forest,275,woe,Wilds of Eldraine,0.03,true,NearMint,English,20230916,0.03,0.12
5,Forest,275,woe,Wilds of Eldraine,0.03,false,NearMint,English,20230916,0.02,0.1
1,Forest,276,woe,Wilds of Eldraine,0.01,false,NearMint,English,20231001,0.01,0.01
1,Forever Young,89,eld,Throne of Eldraine,0.05,false,NearMint,English,20230912,0.04,0.04
1,Foul Orchard,110,khc,Kaldheim Commander,0.05,false,NearMint,English,20230912,0.05,0.05
1,Founding the Third Path,50,dmu,Dominaria United,0.01,false,NearMint,English,20230912,0.01,0.01
1,Foundry Assembler,151,aer,Aether Revolt,0.01,false,NearMint,English,20230911,0.01,0.01
1,Fountain of Ichor,223,mh1,Modern Horizons,0.04,false,NearMint,English,20230911,0.01,0.01
1,Frantic Firebolt,130,woe,Wilds of Eldraine,0.03,true,NearMint,English,20230916,0.01,0.01
1,Freeze in Place,50,woe,Wilds of Eldraine,0.02,false,NearMint,English,20230916,0.01,0.01
1,Frenzied Rage,124,dom,Dominaria,0.01,false,NearMint,English,20230912,0.01,0.01
1,Frolicking Familiar // Blow Off Steam,226,woe,Wilds of Eldraine,0.03,false,NearMint,English,20230916,0.01,0.01
1,Frostveil Ambush,52,iko,Ikoria: Lair of Behemoths,0.01,false,NearMint,English,20230912,0.01,0.01
1,Frostweb Spider,109,csp,Coldsnap,0.05,false,NearMint,English,20230912,0.1,0.1
1,Funeral Longboat,238,khm,Kaldheim,0.01,false,NearMint,English,20230912,0.01,0.01
1,Furnace Gremlin,139,mom,March of the Machine,0.01,false,NearMint,English,20230911,0.01,0.01
1,Furnace Strider,133,one,Phyrexia: All Will Be One,0.01,false,NearMint,English,20230907,0.01,0.01
1,Furnace-Blessed Conqueror,38,mom,March of the Machine,0.01,false,NearMint,English,20230907,0.01,0.01
1,Furnace-Blessed Conqueror,38,mom,March of the Machine,0.01,false,NearMint,English,20230912,0.01,0.01
1,"Fynn, the Fangbearer",26,mul,Multiverse Legends,0.01,false,NearMint,English,20230911,0.01,0.01
1,Gadwick's First Duel,51,woe,Wilds of Eldraine,0.03,false,NearMint,English,20230916,0.01,0.01
2,Gaea's Might,164,dmu,Dominaria United,0.01,false,NearMint,English,20230912,0.01,0.02
1,"Garna, Bloodfist of Keld",299,dmu,Dominaria United,0.01,false,NearMint,English,20230912,0.01,0.01
1,Geist of Saint Traft,213,isd,Innistrad,0.35,false,NearMint,English,20230911,0.35,0.35
2,Gelid Shackles,6,csp,Coldsnap,0.1,false,NearMint,English,20230912,0.1,0.2
1,Geothermal Kami,186,neo,Kamigawa: Neon Dynasty,0.01,false,NearMint,English,20230912,0.01,0.01
1,Gerrard's Verdict,190,dmr,Dominaria Remastered,0.01,false,NearMint,English,20230912,0.01,0.01
1,Geth's Grimoire,101,fmb1,Mystery Booster Retail Edition Foils,1.32,false,NearMint,English,20230916,0,0
1,Ghastly Demise,129,cmr,Commander Legends,0.01,false,NearMint,English,20230912,0.01,0.01
3,Ghor-Clan Savage,29,psal,Salvat 2005,0,false,NearMint,English,20230912,0,0
1,Ghostly Sentinel,28,bfz,Battle for Zendikar,0.01,false,NearMint,English,20230912,0.01,0.01
1,Gift of Compleation,106,mom,March of the Machine,0.01,false,NearMint,English,20230912,0.01,0.01
1,Gift of Strength,117,hou,Hour of Devastation,0.01,false,NearMint,English,20230912,0.01,0.01
2,Gilded Cerodon,94,hou,Hour of Devastation,0.01,false,NearMint,English,20230912,0.01,0.02
1,Gingerbrute,53,pmei,Media Inserts,0,true,NearMint,English,20230912,0,0
1,Gingerbrute,246,woe,Wilds of Eldraine,0.03,false,NearMint,English,20231001,0.02,0.02
2,Gitaxian Mindstinger,88,mom,March of the Machine,0.01,false,NearMint,English,20230911,0.01,0.02
1,Gitaxian Spellstalker,151,mom,March of the Machine,0.01,false,NearMint,English,20230911,0.01,0.01
1,"Gix, Yawgmoth Praetor",95,pbro,The Brothers' War Promos,14.09,true,NearMint,English,20230907,13.25,13.25
1,Gixian Infiltrator,98,bro,The Brothers' War,0.01,false,NearMint,English,20230907,0.01,0.01
1,Gixian Infiltrator,98,bro,The Brothers' War,0.01,false,NearMint,English,20230912,0.01,0.01
1,Glaring Aegis,18,m20,Core Set 2020,0.01,false,NearMint,English,20230912,0.01,0.01
2,Glintwing Invoker,52,dmr,Dominaria Remastered,0.01,false,NearMint,English,20230907,0.01,0.02
1,Glistening Goremonger,157,mom,March of the Machine,0.01,false,NearMint,English,20230911,0.01,0.01
1,Gloom Stalker,16,afr,Adventures in the Forgotten Realms,0.01,false,NearMint,English,20230911,0.01,0.01
1,Glorious Sunrise,200,pvow,Innistrad: Crimson Vow Promos,0.77,true,NearMint,English,20230907,0.77,0.77
1,Gluttonous Guest,114,vow,Innistrad: Crimson Vow,0.01,false,NearMint,English,20230911,0.01,0.01
2,Goblin Chariot,185,7ed,Seventh Edition,0.03,false,NearMint,English,20230912,0.03,0.06
1,Goblin Fire Fiend,127,rav,Ravnica: City of Guilds,0.01,false,NearMint,English,20230912,0.01,0.01
1,Goblin Javelineer,318,afr,Adventures in the Forgotten Realms,0.01,false,NearMint,English,20230911,0.01,0.01
2,God-Pharaoh's Faithful,14,hou,Hour of Devastation,0.01,false,NearMint,English,20230912,0.01,0.02
1,Golden-Tail Disciple,15,neo,Kamigawa: Neon Dynasty,0.01,false,NearMint,English,20230912,0.01,0.01
2,Goldmaw Champion,14,khm,Kaldheim,0.01,false,NearMint,English,20230912,0.01,0.02
1,Golem-Skin Gauntlets,181,mrd,Mirrodin,0.15,false,NearMint,English,20230912,0.15,0.15
1,Gollum's Bite,85,ltr,The Lord of the Rings: Tales of Middle-earth,0.01,false,NearMint,English,20230911,0.01,0.01
1,Grabby Giant // That's Mine,133,woe,Wilds of Eldraine,0.01,false,NearMint,English,20230916,0.01,0.01
1,Grandmother Ravi Sengir,116,mom,March of the Machine,0.01,false,NearMint,English,20230912,0.01,0.01
1,Grapeshot,116,mma,Modern Masters,0.08,false,NearMint,English,20230912,0.12,0.12
1,Great Hall of Starnheim,259,khm,Kaldheim,0.02,false,NearMint,English,20230911,0.02,0.02
2,Greater Mossdog,59,ddj,Duel Decks: Izzet vs. Golgari,0.07,false,NearMint,English,20230912,0.07,0.14
2,Greater Sandwurm,157,iko,Ikoria: Lair of Behemoths,0.01,false,NearMint,English,20230912,0.01,0.02
2,Greater Sandwurm,168,akh,Amonkhet,0.01,false,NearMint,English,20230912,0.01,0.02
3,Greenwood Sentinel,174,m20,Core Set 2020,0.01,false,NearMint,English,20230912,0.01,0.03
1,Griffin Aerie,5,wot,Wilds of Eldraine: Enchanting Tales,0.01,false,NearMint,English,20230916,0.01,0.01
1,Griffin Aerie,5,wot,Wilds of Eldraine: Enchanting Tales,0.01,false,NearMint,English,20231001,0.01,0.01
1,Griffin Sentinel,20,m14,Magic 2014,0.01,false,NearMint,English,20230912,0.01,0.01
1,Griffin Token,2,tdmr,Dominaria Remastered Tokens,0.02,false,NearMint,English,20230907,0.02,0.02
1,Grim Draugr,96,khm,Kaldheim,0.01,false,NearMint,English,20230912,0.01,0.01
1,Groom's Finery,384,dbl,Innistrad: Double Feature,0.02,false,NearMint,English,20230911,0.02,0.02
1,Ground Seal,54,wot,Wilds of Eldraine: Enchanting Tales,0.01,false,NearMint,English,20230916,0.01,0.01
2,Grow from the Ashes,164,dom,Dominaria,0.24,false,NearMint,English,20230912,0.24,0.48
1,Gruesome Fate,30,gnt,Game Night,0.26,false,NearMint,English,20230912,0.26,0.26
2,Gruul Scrapper,43,psal,Salvat 2005,0,false,NearMint,English,20230912,0,0
1,Gryffwing Cavalry,283,dbl,Innistrad: Double Feature,0.01,false,NearMint,English,20230911,0.01,0.01
1,Guardians of Oboro,317,neo,Kamigawa: Neon Dynasty,0.01,false,NearMint,English,20230912,0.01,0.01
1,Gust of Wind,54,iko,Ikoria: Lair of Behemoths,0.01,false,NearMint,English,20230912,0.01,0.01
1,Haazda Officer,305,m20,Core Set 2020,0.04,false,NearMint,English,20230912,0.04,0.04
1,Hagi Mob,140,khm,Kaldheim,0.01,false,NearMint,English,20230912,0.01,0.01
1,Halo Forager,227,mom,March of the Machine,0.01,false,NearMint,English,20230911,0.01,0.01
1,Halo-Charged Skaab,60,mom,March of the Machine,0.01,false,NearMint,English,20230911,0.01,0.01
1,Hand of Enlightenment,11,neo,Kamigawa: Neon Dynasty,0.01,false,NearMint,English,20230912,0.01,0.01
1,Haradrim Spearmaster,135,ltr,The Lord of the Rings: Tales of Middle-earth,0.01,false,NearMint,English,20230911,0.01,0.01
1,Hardened Scales,55,wot,Wilds of Eldraine: Enchanting Tales,0.95,false,NearMint,English,20230916,0.98,0.98
1,Harried Artisan,143,mom,March of the Machine,0.01,false,NearMint,English,20230911,0.01,0.01
1,Harrier Naga,118,hou,Hour of Devastation,0.01,false,NearMint,English,20230912,0.01,0.01
1,Haunting Figment,53,dmu,Dominaria United,0.01,false,NearMint,English,20230912,0.01,0.01
1,Hazardous Blast,135,one,Phyrexia: All Will Be One,0.01,false,NearMint,English,20230907,0.01,0.01
1,Haze of Pollen,171,akh,Amonkhet,0.01,false,NearMint,English,20230912,0.01,0.01
1,Headless Specter,95,mh1,Modern Horizons,0.01,false,NearMint,English,20230911,0.01,0.01
3,Headstrong Brute,147,xln,Ixalan,0.01,false,NearMint,English,20230912,0.01,0.03
2,Hearth Elemental // Stoke Genius,136,woe,Wilds of Eldraine,0.05,false,NearMint,English,20230916,0.01,0.02
1,"Heliod, the Radiant Dawn",17,pmom,March of the Machine Promos,0.6,true,NearMint,English,20230907,0.6,0.6
1,"Heliod, the Warped Eclipse",17,pmom,March of the Machine Promos,0.6,true,NearMint,English,20230907,0.6,0.6
2,Herbology Instructor,189,mom,March of the Machine,0.01,false,NearMint,English,20230912,0.01,0.02
1,Hero of the Dunes,213,bro,The Brothers' War,0.01,false,NearMint,English,20230907,0.01,0.01
1,Hero of the Games,112,2x2,Double Masters 2022,0.01,false,NearMint,English,20230912,0.01,0.01
1,Hero of the Pride,22,thb,Theros Beyond Death,0.01,false,NearMint,English,20230912,0.01,0.01
1,Heroic Charge,20,dmu,Dominaria United,0.01,false,NearMint,English,20230912,0.01,0.01
1,High Fae Negotiator,94,woe,Wilds of Eldraine,0.01,false,NearMint,English,20230916,0.01,0.01
3,High-Rise Sawjack,150,snc,Streets of New Capenna,0.01,false,NearMint,English,20230907,0.01,0.03
1,Hook-Haunt Drifter,42,dbl,Innistrad: Double Feature,0.03,false,NearMint,English,20230911,0.04,0.04
1,Hookhand Mariner,203,vow,Innistrad: Crimson Vow,0.01,false,NearMint,English,20230911,0.01,0.01
1,Hopeful Vigil,17,woe,Wilds of Eldraine,0.01,false,NearMint,English,20231001,0.01,0.01
1,Hopeless Nightmare,95,woe,Wilds of Eldraine,0.05,false,NearMint,English,20230916,0.02,0.02
1,Horizon Scholar,51,ths,Theros,0.01,false,NearMint,English,20230912,0.01,0.01
1,Hound Tamer,187,dbl,Innistrad: Double Feature,0.19,false,NearMint,English,20230911,0.19,0.19
1,Hullbreaker Horror,330,dbl,Innistrad: Double Feature,4.23,false,NearMint,English,20230907,4.15,4.15
4,Human Frailty,109,avr,Avacyn Restored,0.01,false,NearMint,English,20230912,0.01,0.04
1,Hungry for More,228,mid,Innistrad: Midnight Hunt,0.01,false,NearMint,English,20230911,0.01,0.01
1,Hunter's Edge,675,j22,Jumpstart 2022,0.01,false,NearMint,English,20230911,0.01,0.01
1,Hypnotic Siren,42,jou,Journey into Nyx,0.16,false,NearMint,English,20230911,0.15,0.15
1,Ice Out,54,woe,Wilds of Eldraine,0.01,false,NearMint,English,20230916,0.01,0.01
1,Icewrought Sentry,55,woe,Wilds of Eldraine,0.03,false,NearMint,English,20230916,0.01,0.01
1,Ichor Drinker,111,mom,March of the Machine,0.01,false,NearMint,English,20230911,0.01,0.01
1,Ichor Shade,112,mom,March of the Machine,0.01,false,NearMint,English,20230911,0.01,0.01
1,Ichor Slick,119,tsr,Time Spiral Remastered,0.01,false,NearMint,English,20230907,0.01,0.01
1,Ichorplate Golem,230,one,Phyrexia: All Will Be One,0.01,false,NearMint,English,20230907,0.01,0.01
1,Ichorplate Golem,230,one,Phyrexia: All Will Be One,0.01,false,NearMint,English,20230912,0.01,0.01
1,Ilysian Caryatid,676,j22,Jumpstart 2022,0.05,false,NearMint,English,20230912,0.01,0.01
1,Immersturm Skullcairn,263,khm,Kaldheim,0.01,false,NearMint,English,20230911,0.01,0.01
1,Impale,76,rix,Rivals of Ixalan,0.01,false,NearMint,English,20230912,0.01,0.01
1,Imperial Subduer,310,neo,Kamigawa: Neon Dynasty,0.01,false,NearMint,English,20230912,0.01,0.01
1,Improvised Armor,10,dmr,Dominaria Remastered,0.01,false,NearMint,English,20230907,0.01,0.01
1,Improvised Club,137,ltr,The Lord of the Rings: Tales of Middle-earth,0.01,false,NearMint,English,20230912,0.01,0.01
1,Indoctrination Attendant,16,one,Phyrexia: All Will Be One,0.01,false,NearMint,English,20230912,0.01,0.01
1,Infected Defector,18,mom,March of the Machine,0.01,false,NearMint,English,20230911,0.01,0.01
1,Infernal Pet,99,khm,Kaldheim,0.01,false,NearMint,English,20230911,0.01,0.01
1,Infested Fleshcutter,17,one,Phyrexia: All Will Be One,0.01,false,NearMint,English,20230912,0.01,0.01
1,Inkrise Infiltrator,100,neo,Kamigawa: Neon Dynasty,0.01,false,NearMint,English,20230912,0.01,0.01
2,Inkrise Infiltrator,341,neo,Kamigawa: Neon Dynasty,0.01,false,NearMint,English,20230912,0.01,0.02
1,Inscribed Tablet,232,dmu,Dominaria United,0.01,false,NearMint,English,20230912,0.01,0.01
1,Inspired Charge,19,mom,March of the Machine,0.01,false,NearMint,English,20230911,0.01,0.01
1,Inspired Charge,15,m19,Core Set 2019,0.01,false,NearMint,English,20230912,0.01,0.01
3,Inspiring Overseer,200,j22,Jumpstart 2022,0.14,false,NearMint,English,20230907,0.15,0.45
1,Intangible Virtue,9,mm3,Modern Masters 2017,0.1,false,NearMint,English,20230916,0.08,0.08
1,Into the Fae Court,57,woe,Wilds of Eldraine,0.01,false,NearMint,English,20230916,0.01,0.01
1,Into the Fae Court,57,woe,Wilds of Eldraine,0.01,false,NearMint,English,20231001,0.01,0.01
1,Intrepid Trufflesnout // Go Hog Wild,320,woe,Wilds of Eldraine,0.07,false,NearMint,English,20230916,0.07,0.07
1,Intrepid Trufflesnout // Go Hog Wild,320,woe,Wilds of Eldraine,0.15,true,NearMint,English,20230916,0.1,0.1
1,Invasion of Azgol,232,mom,March of the Machine,0.01,false,NearMint,English,20230911,0.01,0.01
1,Invasion of Eldraine,113,mom,March of the Machine,0.01,false,NearMint,English,20230911,0.01,0.01
1,Invasion of Ergamon,233,mom,March of the Machine,0.01,false,NearMint,English,20230911,0.01,0.01
1,Invasion of Kaladesh,234,mom,March of the Machine,0.01,false,NearMint,English,20230911,0.01,0.01
1,Invasion of Lorwyn,236,mom,March of the Machine,0.01,false,NearMint,English,20230907,0.01,0.01
1,Invasion of Lorwyn,236,mom,March of the Machine,0.01,false,NearMint,English,20230911,0.01,0.01
1,Invasion of Mercadia,147,mom,March of the Machine,0.01,false,NearMint,English,20230911,0.01,0.01
1,Invasion of Ulgrotha,116,mom,March of the Machine,0.01,false,NearMint,English,20230912,0.01,0.01
1,Invasion of Zendikar,194,mom,March of the Machine,0.1,false,NearMint,English,20230912,0.09,0.09
1,Involuntary Cooldown,53,bro,The Brothers' War,0.01,false,NearMint,English,20230907,0.01,0.01
1,Ioreth of the Healing House,56,ltr,The Lord of the Rings: Tales of Middle-earth,0.09,true,NearMint,English,20230911,0.07,0.07
3,Iridescent Blademaster,195,mom,March of the Machine,0.01,false,NearMint,English,20230911,0.01,0.03
1,Iron Golem,247,afr,Adventures in the Forgotten Realms,0.01,true,NearMint,English,20230911,0.01,0.01
1,Irreverent Revelers,560,j22,Jumpstart 2022,0.05,false,NearMint,English,20230912,0.05,0.05
1,Island,405,dmr,Dominaria Remastered,0.09,false,NearMint,English,20230907,0.09,0.09
11,Island,399,vow,Innistrad: Crimson Vow,0.01,false,NearMint,English,20230907,0.01,0.11
8,Island,263,woe,Wilds of Eldraine,0.25,false,NearMint,English,20230916,0.18,1.44
1,Island,270,woe,Wilds of Eldraine,0.05,true,NearMint,English,20231001,0.05,0.05
1,"Isperia, Supreme Judge",217,c20,Commander 2020,0.18,false,NearMint,English,20230911,0.18,0.18
2,Jaspera Sentinel,178,khm,Kaldheim,0.01,false,NearMint,English,20230912,0.01,0.02
1,Jawbone Duelist,18,one,Phyrexia: All Will Be One,0.01,false,NearMint,English,20230912,0.01,0.01
1,Jaya's Firenado,134,dmu,Dominaria United,0.01,false,NearMint,English,20230912,0.01,0.01
3,Jeskai Runemark,37,frf,Fate Reforged,0.01,false,NearMint,English,20230912,0.01,0.03
2,"Johann, Apprentice Sorcerer",207,woe,Wilds of Eldraine,0.04,false,NearMint,English,20230916,0.01,0.02
1,Jousting Dummy,470,jmp,Jumpstart,0.03,false,NearMint,English,20230912,0.03,0.03
1,Jungle Delver,195,xln,Ixalan,0.01,false,NearMint,English,20230912,0.01,0.01
1,"Juri, Master of the Revue",46,mul,Multiverse Legends,0.01,false,NearMint,English,20230911,0.01,0.01
1,Kaito's Pursuit,103,neo,Kamigawa: Neon Dynasty,0.01,false,NearMint,English,20230912,0.01,0.01
1,Karfell Kennel-Master,430,j22,Jumpstart 2022,0.01,false,NearMint,English,20230911,0.01,0.01
1,Kasmina's Transmutation,54,2x2,Double Masters 2022,0.01,false,NearMint,English,20230912,0.01,0.01
1,Kavu Primarch,212,tsr,Time Spiral Remastered,0.01,false,NearMint,English,20230907,0.01,0.01
1,Kellan's Lightblades,18,woe,Wilds of Eldraine,0.01,false,NearMint,English,20230916,0.01,0.01
1,"Kenrith, the Returned King",4,mul,Multiverse Legends,1.5,false,NearMint,English,20230907,1.1,1.1
1,Khenra Spellspear,151,mom,March of the Machine,0.01,false,NearMint,English,20230911,0.01,0.01
2,Kill Shot,19,snc,Streets of New Capenna,0.01,false,NearMint,English,20230907,0.01,0.02
4,Kindle,140,a25,Masters 25,0.01,false,NearMint,English,20230912,0.01,0.04
1,Kindled Fury,151,neo,Kamigawa: Neon Dynasty,0.01,false,NearMint,English,20230912,0.01,0.01
1,Kinsbaile Courier,29,cmr,Commander Legends,0.01,false,NearMint,English,20230912,0.01,0.01
1,Knightly Valor,8,wot,Wilds of Eldraine: Enchanting Tales,0.01,false,NearMint,English,20230916,0.01,0.01
1,Kor Cartographer,377,cmr,Commander Legends,0.01,false,NearMint,English,20230912,0.01,0.01
1,Kor Halberd,27,mom,March of the Machine,0.01,false,NearMint,English,20230911,0.01,0.01
1,Krosan Restorer,168,dmr,Dominaria Remastered,0.01,false,NearMint,English,20230912,0.01,0.01
4,Kumano Faces Kakkazan,152,neo,Kamigawa: Neon Dynasty,0.04,false,NearMint,English,20230911,0.01,0.04
1,Kyren Flamewright,147,mom,March of the Machine,0.01,false,NearMint,English,20230911,0.01,0.01
2,Labyrinth Champion,115,2x2,Double Masters 2022,0.01,false,NearMint,English,20230911,0.01,0.02
2,Lacerate Flesh,433,dbl,Innistrad: Double Feature,0.01,false,NearMint,English,20230911,0.01,0.02
1,"Lagomos, Hand of Hatred",205,dmu,Dominaria United,0.01,false,NearMint,English,20230912,0.01,0.01
1,Laid to Rest,207,vow,Innistrad: Crimson Vow,0.01,false,NearMint,English,20230911,0.01,0.01
1,Lambholt Harrier,145,dbl,Innistrad: Double Feature,0.03,false,NearMint,English,20230907,0.03,0.03
2,Lambholt Harrier,145,mid,Innistrad: Midnight Hunt,0.01,false,NearMint,English,20230907,0.01,0.02
1,Lambholt Harrier,145,mid,Innistrad: Midnight Hunt,0.01,false,NearMint,English,20230911,0.01,0.01
1,Larder Zombie,58,dbl,Innistrad: Double Feature,0.03,false,NearMint,English,20230911,0.03,0.03
2,Lava Coil,116,2x2,Double Masters 2022,0.01,false,NearMint,English,20230911,0.01,0.02
3,Leafkin Druid,178,m20,Core Set 2020,0.01,false,NearMint,English,20230912,0.01,0.03
1,Leatherback Baloth,107,wwk,Worldwake,0.09,false,NearMint,English,20230912,0.09,0.09
2,Legion Conquistador,11,rix,Rivals of Ixalan,0.01,false,NearMint,English,20230912,0.01,0.02
2,Leonin Lightbringer,20,one,Phyrexia: All Will Be One,0.01,false,NearMint,English,20230912,0.01,0.02
1,Lethal Exploit,107,neo,Kamigawa: Neon Dynasty,0.01,false,NearMint,English,20230912,0.01,0.01
1,Lethal Sting,67,hou,Hour of Devastation,0.01,false,NearMint,English,20230912,0.01,0.01
4,Leyline Invocation,136,stx,Strixhaven: School of Mages,0.01,false,NearMint,English,20230912,0.01,0.04
1,Library Larcenist,314,j22,Jumpstart 2022,0.02,false,NearMint,English,20230912,0.01,0.01
1,Lifecrafter's Gift,409,jmp,Jumpstart,0.01,false,NearMint,English,20230912,0.01,0.01
1,Light 'Em Up,466,snc,Streets of New Capenna,0.01,false,NearMint,English,20230912,0.01,0.01
1,Light the Way,24,neo,Kamigawa: Neon Dynasty,0.01,false,NearMint,English,20230912,0.01,0.01
2,Lightning Reflexes,128,dmr,Dominaria Remastered,0.01,false,NearMint,English,20230907,0.01,0.02
1,Likeness Looter,208,pwoe,Wilds of Eldraine Promos,1,false,NearMint,English,20230916,1.99,1.99
2,Lingering Souls,11,md1,Modern Event Deck 2014,0.15,false,NearMint,English,20230912,0.15,0.3
1,Lithomancer's Focus,38,bfz,Battle for Zendikar,0.01,false,NearMint,English,20230912,0.01,0.01
1,Littjara Mirrorlake,412,ncc,New Capenna Commander,0.1,false,NearMint,English,20230911,0.09,0.09
3,Live Fast,87,kld,Kaladesh,0.01,false,NearMint,English,20230912,0.01,0.03
4,Llanowar Elite,196,inv,Invasion,0.03,false,NearMint,English,20230912,0.04,0.16
1,Llanowar Elves,314,m19,Core Set 2019,0.39,false,NearMint,English,20230912,0.39,0.39
1,Llanowar Elves,239,6ed,Classic Sixth Edition,0.24,false,NearMint,English,20230912,0.24,0.24
2,Llanowar Mentor,216,tsr,Time Spiral Remastered,0.04,false,NearMint,English,20230912,0.04,0.08
1,Llanowar Mentor,131,fut,Future Sight,0.12,false,NearMint,English,20230912,0.12,0.12
4,Llanowar Scout,170,dom,Dominaria,0.1,false,NearMint,English,20230912,0.1,0.4
4,Llanowar Visionary,397,m21,Core Set 2021,0.82,false,NearMint,English,20230912,0.83,3.32
4,Loam Dryad,216,soi,Shadows over Innistrad,0.01,false,NearMint,English,20230912,0.01,0.04
3,Loaming Shaman,87,dis,Dissension,0.2,false,NearMint,English,20230912,0.19,0.57
1,Loaming Shaman,190,c15,Commander 2015,0.08,false,NearMint,English,20230912,0.08,0.08
1,Loathsome Troll,192,afr,Adventures in the Forgotten Realms,0.01,false,NearMint,English,20230911,0.01,0.01
1,Locked in the Cemetery,60,mid,Innistrad: Midnight Hunt,0.01,false,NearMint,English,20230911,0.01,0.01
1,Locked in the Cemetery,60,dbl,Innistrad: Double Feature,0.01,false,NearMint,English,20230911,0.01,0.01
1,Locthwain Gargoyle,783,j22,Jumpstart 2022,0.02,false,NearMint,English,20230912,0.02,0.02
1,Locthwain Paladin,93,eld,Throne of Eldraine,0.01,false,NearMint,English,20230912,0.01,0.01
1,Long List of the Ents,174,ltr,The Lord of the Rings: Tales of Middle-earth,0.01,false,NearMint,English,20230911,0.01,0.01
2,Looming Altisaur,23,xln,Ixalan,0.01,false,NearMint,English,20230912,0.01,0.02
1,Looming Spires,238,bfz,Battle for Zendikar,0.01,false,NearMint,English,20230912,0.01,0.01
1,Lord Skitter's Butcher,99,woe,Wilds of Eldraine,0.02,false,NearMint,English,20230916,0.01,0.01
1,Lothlrien Lookout,175,ltr,The Lord of the Rings: Tales of Middle-earth,0.01,false,NearMint,English,20230912,0.01,0.01
4,Lotus Path Djinn,39,frf,Fate Reforged,0.01,false,NearMint,English,20230912,0.01,0.04
1,Love Song of Night and Day,827,cmm,Commander Masters,0,true,NearMint,English,20230911,0,0
1,Lull,169,dmr,Dominaria Remastered,0.01,false,NearMint,English,20230907,0.01,0.01
1,Luminous Bonds,25,m19,Core Set 2019,0.01,false,NearMint,English,20230912,0.01,0.01
2,Lure,175,ima,Iconic Masters,0.08,false,NearMint,English,20230912,0.08,0.16
1,Lure,255,7ed,Seventh Edition,0.05,false,NearMint,English,20230912,0.05,0.05
1,Lurking Deadeye,437,j22,Jumpstart 2022,0.04,false,NearMint,English,20230912,0.03,0.03
1,Lys Alana Bowmaster,130,mor,Morningtide,0.03,false,NearMint,English,20230912,0.01,0.01
4,Lys Alana Bowmaster,241,cmr,Commander Legends,0.01,false,NearMint,English,20230912,0.01,0.04
1,Make Obsolete,89,kld,Kaladesh,0.01,false,NearMint,English,20230911,0.01,0.01
1,Makeshift Battalion,22,war,War of the Spark,0.01,false,NearMint,English,20230912,0.01,0.01
1,Makeshift Munitions,242,cmm,Commander Masters,0.04,false,NearMint,English,20230912,0.04,0.04
2,Malady Invoker,189,mom,March of the Machine,0.01,false,NearMint,English,20230912,0.01,0.02
1,"Malcator, Purity Overseer",208,one,Phyrexia: All Will Be One,0.01,false,NearMint,English,20230911,0.04,0.04
1,Mana Flare,46,wot,Wilds of Eldraine: Enchanting Tales,0.25,false,NearMint,English,20230916,0.15,0.15
4,Maniacal Rage,149,m20,Core Set 2020,0.01,false,NearMint,English,20230912,0.01,0.04
2,Map the Wastes,134,frf,Fate Reforged,0.01,false,NearMint,English,20230912,0.01,0.02
1,Maraleaf Rider,166,eld,Throne of Eldraine,0.01,false,NearMint,English,20230912,0.01,0.01
1,Marauding Dreadship,153,mom,March of the Machine,0.01,false,NearMint,English,20230911,0.01,0.01
1,Mark of the Vampire,113,xln,Ixalan,0.01,false,NearMint,English,20230911,0.01,0.01
1,Market Festival,130,jou,Journey into Nyx,0.08,false,NearMint,English,20230912,0.04,0.04
1,Markov Retribution,171,vow,Innistrad: Crimson Vow,0.01,false,NearMint,English,20230911,0.01,0.01
2,Martyr of Dusk,14,rix,Rivals of Ixalan,0.01,false,NearMint,English,20230912,0.01,0.02
1,Martyr's Soul,19,mh1,Modern Horizons,0.01,false,NearMint,English,20230911,0.01,0.01
1,Masked Vandal,184,khm,Kaldheim,0.19,false,NearMint,English,20230912,0.18,0.18
1,Massive Might,208,vow,Innistrad: Crimson Vow,0.01,false,NearMint,English,20230911,0.01,0.01
1,Master Skald,19,khm,Kaldheim,0.01,false,NearMint,English,20230912,0.01,0.01
1,Master Splicer,194,moc,March of the Machine Commander,0.05,false,NearMint,English,20230912,0.08,0.08
2,Maulfist Squad,91,kld,Kaladesh,0.01,false,NearMint,English,20230912,0.01,0.02
1,Meandering River,265,c18,Commander 2018,0.05,false,NearMint,English,20230911,0.05,0.05
1,Memory Drain,54,thb,Theros Beyond Death,0.01,false,NearMint,English,20230912,0.01,0.01
2,Memory Leak,95,iko,Ikoria: Lair of Behemoths,0.01,false,NearMint,English,20230912,0.01,0.02
1,Merciless Repurposing,117,mom,March of the Machine,0.01,false,NearMint,English,20230907,0.01,0.01
1,Merciless Repurposing,117,mom,March of the Machine,0.01,false,NearMint,English,20230912,0.01,0.01
1,Merciless Resolve,123,soi,Shadows over Innistrad,0.01,false,NearMint,English,20230911,0.01,0.01
1,Merfolk Coralsmith,60,woe,Wilds of Eldraine,0.01,false,NearMint,English,20230916,0.01,0.01
1,Micromancer,57,dmu,Dominaria United,0.01,false,NearMint,English,20230912,0.01,0.01
1,Midnight Pathlighter,52,afc,Forgotten Realms Commander,0.01,false,NearMint,English,20230911,0.23,0.23
1,"Migloz, Maze Crusher",210,one,Phyrexia: All Will Be One,0.05,false,NearMint,English,20230911,0.07,0.07
1,Mind Stone,102,khc,Kaldheim Commander,0.19,false,NearMint,English,20230912,0.19,0.19
1,Mindslicer,146,9ed,Ninth Edition,1.04,false,NearMint,English,20230907,0.71,0.71
1,Mine Collapse,408,mh2,Modern Horizons 2,0.01,false,NearMint,English,20230912,0.01,0.01
2,Mirran Banesplitter,154,mom,March of the Machine,0.01,false,NearMint,English,20230911,0.01,0.02
1,Mirran Bardiche,22,one,Phyrexia: All Will Be One,0.01,false,NearMint,English,20230912,0.01,0.01
1,Mirrodin Avenged,118,mom,March of the Machine,0.01,false,NearMint,English,20230907,0.01,0.01
1,Mirrorshell Crab,63,neo,Kamigawa: Neon Dynasty,0.01,false,NearMint,English,20230912,0.01,0.01
1,Mishra's Juggernaut,161,bro,The Brothers' War,0.01,false,NearMint,English,20230907,0.01,0.01
1,Mishra's Onslaught,143,bro,The Brothers' War,0.01,false,NearMint,English,20230911,0.01,0.01
1,Mishra's Research Desk,162,bro,The Brothers' War,0.01,false,NearMint,English,20230907,0.01,0.01
1,"Mishra, Excavation Prodigy",140,bro,The Brothers' War,0.01,false,NearMint,English,20230911,0.01,0.01
3,Mist Leopard,193,m10,Magic 2010,0.01,false,NearMint,English,20230912,0.01,0.03
2,Mists of Littjara,67,khm,Kaldheim,0.01,false,NearMint,English,20230912,0.01,0.02
1,Mnemonic Sphere,88,brc,The Brothers' War Commander,0.01,false,NearMint,English,20230912,0.01,0.01
4,Mogg Flunkies,45,ath,Anthologies,0.11,false,NearMint,English,20230912,0.06,0.24
1,Molten Monstrosity,139,dmu,Dominaria United,0.01,false,NearMint,English,20230912,0.01,0.01
1,Moment of Truth,67,mom,March of the Machine,0.01,false,NearMint,English,20230911,0.01,0.01
1,Moment of Truth,67,mom,March of the Machine,0.01,false,NearMint,English,20230912,0.01,0.01
1,Momentary Blink,268,dmr,Dominaria Remastered,0.01,false,NearMint,English,20230907,0.01,0.01
1,Momentary Blink,15,dmr,Dominaria Remastered,0.01,false,NearMint,English,20230907,0.01,0.01
1,Moon-Circuit Hacker,334,neo,Kamigawa: Neon Dynasty,0.02,false,NearMint,English,20230912,0.02,0.02
1,Moonrager's Slash,148,mid,Innistrad: Midnight Hunt,0.01,false,NearMint,English,20230911,0.01,0.01
1,Moonsnare Specialist,335,neo,Kamigawa: Neon Dynasty,0.01,false,NearMint,English,20230912,0.01,0.01
1,Mossbeard Ancient,173,dmu,Dominaria United,0.01,false,NearMint,English,20230912,0.01,0.01
1,Most Wanted,153,snc,Streets of New Capenna,0.01,false,NearMint,English,20230911,0.01,0.01
1,Mountain,270,one,Phyrexia: All Will Be One,0.19,false,NearMint,English,20230907,0.2,0.2
1,Mountain,118,brb,Battle Royale Box Set,0.95,false,NearMint,English,20230907,0.95,0.95
12,Mountain,268,snc,Streets of New Capenna,0.01,false,NearMint,English,20230907,0.01,0.12
1,Mountain,288,mom,March of the Machine,0.01,false,NearMint,English,20230907,0.05,0.05
1,Mountain,273,woe,Wilds of Eldraine,0.01,false,NearMint,English,20230916,0.01,0.01
9,Mountain,265,woe,Wilds of Eldraine,0.06,false,NearMint,English,20230916,0.1,0.9
3,Mounted Dreadknight,150,dbl,Innistrad: Double Feature,0.02,false,NearMint,English,20230907,0.03,0.09
1,Mounted Dreadknight,150,dbl,Innistrad: Double Feature,0.03,false,NearMint,English,20230911,0.03,0.03
1,Mutagen Connoisseur,248,mom,March of the Machine,0.01,false,NearMint,English,20230911,0.01,0.01
1,Mutual Destruction,96,iko,Ikoria: Lair of Behemoths,0.01,false,NearMint,English,20230912,0.01,0.01
1,Mysterious Egg,3,iko,Ikoria: Lair of Behemoths,0.01,false,NearMint,English,20230912,0.01,0.01
2,"Nael, Avizoa Aeronaut",207,dmu,Dominaria United,0.01,false,NearMint,English,20230912,0.01,0.02
2,Naga Vitalist,176,akh,Amonkhet,0.01,false,NearMint,English,20230912,0.01,0.02
1,"Najal, the Storm Runner",307,dmu,Dominaria United,0.01,false,NearMint,English,20230912,0.01,0.01
2,"Najal, the Storm Runner",208,dmu,Dominaria United,0.01,false,NearMint,English,20230912,0.01,0.02
1,Nasty End,416,ltr,The Lord of the Rings: Tales of Middle-earth,0.01,true,NearMint,English,20230911,0.01,0.01
1,Navigator's Compass,225,dom,Dominaria,0.01,false,NearMint,English,20230912,0.01,0.01
2,Nebelgast Beguiler,25,vow,Innistrad: Crimson Vow,0.01,false,NearMint,English,20230907,0.01,0.02
2,Nebelgast Beguiler,25,vow,Innistrad: Crimson Vow,0.01,false,NearMint,English,20230911,0.01,0.02
1,Necrobite,77,bng,Born of the Gods,0.01,false,NearMint,English,20230911,0.01,0.01
1,Neverwinter Dryad,195,afr,Adventures in the Forgotten Realms,0.01,false,NearMint,English,20230911,0.01,0.01
1,Nezumi Bladeblesser,115,neo,Kamigawa: Neon Dynasty,0.01,false,NearMint,English,20230912,0.01,0.01
3,Nezumi Informant,120,mom,March of the Machine,0.01,false,NearMint,English,20230911,0.01,0.03
1,Nezumi Road Captain,117,neo,Kamigawa: Neon Dynasty,0.01,false,NearMint,English,20230912,0.01,0.01
1,Ninja's Kunai,252,neo,Kamigawa: Neon Dynasty,0.01,false,NearMint,English,20230912,0.01,0.01
1,Ninth Bridge Patrol,221,j22,Jumpstart 2022,0.01,false,NearMint,English,20230912,0.01,0.01
1,No Escape,63,war,War of the Spark,0.01,false,NearMint,English,20230912,0.01,0.01
1,Not Dead After All,101,woe,Wilds of Eldraine,0.15,false,NearMint,English,20230916,0.1,0.1
1,Novice Occultist,117,mid,Innistrad: Midnight Hunt,0.01,false,NearMint,English,20230911,0.01,0.01
1,Nurturing Presence,26,vow,Innistrad: Crimson Vow,0.01,false,NearMint,English,20230911,0.01,0.01
1,Nyxborn Marauder,109,thb,Theros Beyond Death,0.01,false,NearMint,English,20230912,0.01,0.01
1,Nyxborn Seaguard,57,thb,Theros Beyond Death,0.01,false,NearMint,English,20230912,0.01,0.01
1,Obliterating Bolt,145,bro,The Brothers' War,0.01,false,NearMint,English,20230912,0.01,0.01
1,Obscura Initiate,50,snc,Streets of New Capenna,0.01,false,NearMint,English,20230912,0.01,0.01
1,Obyra's Attendants // Desperate Parry,63,woe,Wilds of Eldraine,0.05,true,NearMint,English,20230916,0.01,0.01
1,"Obyra, Dreaming Duelist",210,woe,Wilds of Eldraine,0.01,false,NearMint,English,20231001,0.01,0.01
1,Odious Witch,394,dbl,Innistrad: Double Feature,0.03,false,NearMint,English,20230911,0.03,0.03
1,Odric's Outrider,29,mid,Innistrad: Midnight Hunt,0.01,false,NearMint,English,20230911,0.01,0.01
1,Of One Mind,60,iko,Ikoria: Lair of Behemoths,0.01,false,NearMint,English,20230912,0.15,0.15
1,Okiba Reckoner Raid,117,neo,Kamigawa: Neon Dynasty,0.01,false,NearMint,English,20230912,0.01,0.01
1,Oliphaunt,426,ltr,The Lord of the Rings: Tales of Middle-earth,0.01,false,NearMint,English,20230911,0.01,0.01
1,Olog-hai Crusher,140,ltr,The Lord of the Rings: Tales of Middle-earth,0.01,false,NearMint,English,20230911,0.01,0.01
1,Onakke Javelineer,156,mom,March of the Machine,0.01,false,NearMint,English,20230911,0.01,0.01
1,Open Fire,105,hou,Hour of Devastation,0.01,false,NearMint,English,20230912,0.01,0.01
2,Oppressive Rays,21,m15,Magic 2015,0.03,false,NearMint,English,20230912,0.04,0.08
1,Oracle of Tragedy,71,mom,March of the Machine,0.01,false,NearMint,English,20230911,0.01,0.01
1,Orcish Hellraiser,136,mh1,Modern Horizons,0.01,false,NearMint,English,20230911,0.01,0.01
1,Orcish Vandal,137,dom,Dominaria,0.01,false,NearMint,English,20230912,0.01,0.01
1,Oreskos Swiftclaw,20,jou,Journey into Nyx,0.01,false,NearMint,English,20230912,0.01,0.01
1,Oreskos Swiftclaw,31,m19,Core Set 2019,0.01,false,NearMint,English,20230912,0.01,0.01
1,Organ Hoarder,66,mid,Innistrad: Midnight Hunt,0.01,false,NearMint,English,20230911,0.01,0.01
1,Ornery Kudu,178,akh,Amonkhet,0.01,false,NearMint,English,20230912,0.01,0.01
1,Ornithopter,233,dmr,Dominaria Remastered,0.03,false,NearMint,English,20230907,0.06,0.06
1,Otherworldly Gaze,67,mid,Innistrad: Midnight Hunt,0.14,false,NearMint,English,20230912,0.14,0.14
1,Outmuscle,170,eld,Throne of Eldraine,0.01,false,NearMint,English,20230912,0.01,0.01
1,Outnumber,578,j22,Jumpstart 2022,0.1,false,NearMint,English,20230912,0.1,0.1
1,"Ovika, Enigma Goliath",213,one,Phyrexia: All Will Be One,0.1,false,NearMint,English,20230911,0.1,0.1
1,Pacifism,125,jmp,Jumpstart,0.01,false,NearMint,English,20230912,0.01,0.01
1,Panic Attack,207,9ed,Ninth Edition,0.01,false,NearMint,English,20230912,0.01,0.01
1,Panicked Bystander,28,vow,Innistrad: Crimson Vow,0.01,false,NearMint,English,20230911,0.01,0.01
1,Parasitic Strix,32,con,Conflux,0.01,false,NearMint,English,20230912,0.01,0.01
1,Pashalik Mons,133,dmr,Dominaria Remastered,0.2,false,NearMint,English,20230907,0.2,0.2
1,Path of Anger's Flame,109,sok,Saviors of Kamigawa,0.02,false,NearMint,English,20230912,0.06,0.06
1,Peerless Samurai,322,neo,Kamigawa: Neon Dynasty,0.01,false,NearMint,English,20230912,0.01,0.01
1,Penregon Strongbull,147,bro,The Brothers' War,0.01,false,NearMint,English,20230911,0.01,0.01
1,Peregrine Drake,292,dmr,Dominaria Remastered,0.05,false,NearMint,English,20230912,0.05,0.05
1,Perilous Predicament,68,aer,Aether Revolt,0.01,false,NearMint,English,20230911,0.01,0.01
1,Persistent Specimen,125,vow,Innistrad: Crimson Vow,0.02,false,NearMint,English,20230911,0.02,0.02
1,Phoenix Chick,140,dmu,Dominaria United,0.14,false,NearMint,English,20230912,0.1,0.1
1,Phyrexian Debaser,454,j22,Jumpstart 2022,0.01,false,NearMint,English,20230907,0.01,0.01
1,Phyrexian Gargantua,121,mom,March of the Machine,0.01,false,NearMint,English,20230911,0.01,0.01
1,Phyrexian Gargantua,121,mom,March of the Machine,0.01,false,NearMint,English,20230912,0.01,0.01
1,Phyrexian Ghoul,37,hop,Planechase,0.1,false,NearMint,English,20230907,0.1,0.1
1,Phyrexian Pegasus,324,mom,March of the Machine,0.04,false,NearMint,English,20230912,0.04,0.04
1,Phyrexian Processor,39,brr,The Brothers' War Retro Artifacts,0.2,false,NearMint,English,20230907,0.1,0.1
1,Phyrexian Rager,39,gvl,Duel Decks Anthology: Garruk vs. Liliana,0.08,false,NearMint,English,20230907,0.08,0.08
1,Phyrexian Skyflayer,143,mom,March of the Machine,0.01,false,NearMint,English,20230911,0.01,0.01
1,Pia and Kiran Nalaar,288,moc,March of the Machine Commander,0.05,false,NearMint,English,20230911,0.07,0.07
1,Piercing Light,30,vow,Innistrad: Crimson Vow,0.01,false,NearMint,English,20230911,0.01,0.01
1,Pilfering Hawk,336,j22,Jumpstart 2022,0.05,false,NearMint,English,20230912,0.05,0.05
2,Pillage,144,a25,Masters 25,0.01,false,NearMint,English,20230912,0.01,0.02
1,Plains,333,ody,Odyssey,0.9,false,NearMint,English,20230907,0.89,0.89
13,Plains,380,mid,Innistrad: Midnight Hunt,0.01,false,NearMint,English,20230907,0.01,0.13
1,Plains,268,woe,Wilds of Eldraine,0.06,true,NearMint,English,20230916,0.02,0.02
2,Plains,267,woe,Wilds of Eldraine,0.01,false,NearMint,English,20230916,0.01,0.02
1,Planar Disruption,28,one,Phyrexia: All Will Be One,0.01,false,NearMint,English,20230912,0.01,0.01
1,Planar Incision,72,neo,Kamigawa: Neon Dynasty,0.01,false,NearMint,English,20230912,0.04,0.04
2,Plated Kilnbeast,178,mom,March of the Machine,0.01,false,NearMint,English,20230911,0.01,0.02
1,Plummet,193,dbl,Innistrad: Double Feature,0.02,false,NearMint,English,20230911,0.02,0.02
1,Plummet,199,afr,Adventures in the Forgotten Realms,0.01,false,NearMint,English,20230912,0.01,0.01
1,Plunge into Winter,22,woe,Wilds of Eldraine,0.02,false,NearMint,English,20230916,0.01,0.01
1,Poison Counter,14,tone,Phyrexia: All Will Be One Tokens,0.01,false,NearMint,English,20230907,0.01,0.01
5,Polluted Dead,116,avr,Avacyn Restored,0.01,false,NearMint,English,20230912,0.01,0.05
1,Polluted Mire,307,c14,Commander 2014,0.11,false,NearMint,English,20230907,0.11,0.11
1,Porcelain Zealot,30,one,Phyrexia: All Will Be One,0.01,false,NearMint,English,20230912,0.01,0.01
1,Portent of Betrayal,149,thb,Theros Beyond Death,0.01,false,NearMint,English,20230912,0.01,0.01
1,Pouncing Cheetah,419,jmp,Jumpstart,0.03,false,NearMint,English,20230912,0.03,0.03
7,Predator's Gambit,117,avr,Avacyn Restored,0.01,false,NearMint,English,20230912,0.01,0.07
2,Preening Champion,73,mom,March of the Machine,0.01,false,NearMint,English,20230911,0.01,0.02
1,Prickle Faeries,113,mom,March of the Machine,0.01,false,NearMint,English,20230911,0.01,0.01
1,Prickly Marmoset,580,j22,Jumpstart 2022,0.02,false,NearMint,English,20230912,0.02,0.02
1,Pridemalkin,308,moc,March of the Machine Commander,0.12,false,NearMint,English,20230911,0.08,0.08
2,Priest of the Haunted Edge,104,khm,Kaldheim,0.01,false,NearMint,English,20230912,0.01,0.02
1,Primal Boost,173,dmr,Dominaria Remastered,0.01,false,NearMint,English,20230907,0.01,0.01
1,Prince Imrahil the Fair,219,ltr,The Lord of the Rings: Tales of Middle-earth,0.01,false,NearMint,English,20230912,0.01,0.01
1,Prized Unicorn,199,m10,Magic 2010,0.05,false,NearMint,English,20230912,0.05,0.05
3,Prizefighter Construct,172,aer,Aether Revolt,0.01,false,NearMint,English,20230911,0.01,0.03
1,Proven Combatant,42,hou,Hour of Devastation,0.01,false,NearMint,English,20230912,0.01,0.01
1,Provisions Merchant,321,woe,Wilds of Eldraine,0.09,false,NearMint,English,20230916,0.08,0.08
1,Puncturing Blow,106,hou,Hour of Devastation,0.01,false,NearMint,English,20230912,0.01,0.01
1,Pyre Hound,145,a25,Masters 25,0.01,false,NearMint,English,20230912,0.01,0.01
1,Pyre Spawn,173,vow,Innistrad: Crimson Vow,0.01,false,NearMint,English,20230911,0.01,0.01
1,Pyretic Prankster,157,mom,March of the Machine,0.01,false,NearMint,English,20230911,0.01,0.01
1,Quarrel's End,141,ltr,The Lord of the Rings: Tales of Middle-earth,0.01,false,NearMint,English,20230912,0.01,0.01
2,Quarry Hauler,181,akh,Amonkhet,0.01,false,NearMint,English,20230912,0.01,0.02
1,Queen Allenal of Ruadach,309,dmu,Dominaria United,0.03,true,NearMint,English,20230911,0.03,0.03
1,"Radha, Coalition Warlord",55,mul,Multiverse Legends,0.01,false,NearMint,English,20230911,0.01,0.01
1,"Radha, Coalition Warlord",211,dmu,Dominaria United,0.01,false,NearMint,English,20230912,0.01,0.01
1,"Raff, Weatherlight Stalwart",186,mul,Multiverse Legends,0,false,NearMint,English,20230907,0,0
1,"Raff, Weatherlight Stalwart",311,dmu,Dominaria United,0.01,false,NearMint,English,20230912,0.01,0.01
1,Ragged Recluse,394,dbl,Innistrad: Double Feature,0.03,false,NearMint,English,20230911,0.03,0.03
1,Raise the Alarm,26,m15,Magic 2015,0.01,false,NearMint,English,20230912,0.01,0.01
1,Raking Claws,584,j22,Jumpstart 2022,0.05,false,NearMint,English,20230912,0.06,0.06
1,Rally at the Hornburg,142,ltr,The Lord of the Rings: Tales of Middle-earth,0.01,false,NearMint,English,20230912,0.01,0.01
1,Ram Through,314,cmm,Commander Masters,0.09,false,NearMint,English,20230912,0.09,0.09
2,Rampaging Geoderm,251,mom,March of the Machine,0.01,false,NearMint,English,20230911,0.01,0.02
1,Ranger's Hawk,37,afr,Adventures in the Forgotten Realms,0.01,false,NearMint,English,20230911,0.01,0.01
1,Rank and File,65,ulg,Urza's Legacy,0.04,false,NearMint,English,20230912,0.05,0.05
1,Raptor Companion,19,rix,Rivals of Ixalan,0.01,false,NearMint,English,20230912,0.01,0.01
1,Raptor Companion,31,xln,Ixalan,0.01,false,NearMint,English,20230912,0.01,0.01
1,Rat Out,103,woe,Wilds of Eldraine,0.01,false,NearMint,English,20231001,0.01,0.01
1,Ratcatcher Trainee // Pest Problem,144,woe,Wilds of Eldraine,0.01,false,NearMint,English,20231001,0.01,0.01
1,Ravenous Lindwurm,187,khm,Kaldheim,0.01,false,NearMint,English,20230912,0.01,0.01
1,Raze the Effigy,586,j22,Jumpstart 2022,0.09,false,NearMint,English,20230911,0.1,0.1
1,Read the Tides,62,m21,Core Set 2021,0.01,false,NearMint,English,20230911,0.01,0.01
1,Realm-Scorcher Hellkite,145,pwoe,Wilds of Eldraine Promos,8.99,false,NearMint,English,20230916,3.96,3.96
1,Realmbreaker's Grasp,33,mom,March of the Machine,0.01,false,NearMint,English,20230911,0.01,0.01
1,Recommission,22,bro,The Brothers' War,0.01,false,NearMint,English,20230907,0.01,0.01
1,Recruitment Officer,23,bro,The Brothers' War,0.05,false,NearMint,English,20230912,0.05,0.05
1,Redcap Heelslasher,161,mom,March of the Machine,0.01,false,NearMint,English,20230911,0.01,0.01
1,Redcap Thief,147,woe,Wilds of Eldraine,0.01,false,NearMint,English,20230916,0.01,0.01
1,Redtooth Genealogist,179,woe,Wilds of Eldraine,0.01,false,NearMint,English,20231001,0.01,0.01
1,Redtooth Vanguard,180,woe,Wilds of Eldraine,0.01,true,NearMint,English,20230916,0.01,0.01
1,Redtooth Vanguard,180,woe,Wilds of Eldraine,0.01,false,NearMint,English,20230916,0.01,0.01
1,Relic Runner,62,dom,Dominaria,0.01,false,NearMint,English,20230912,0.01,0.01
3,Renegade Demon,118,avr,Avacyn Restored,0.01,false,NearMint,English,20230912,0.01,0.03
1,Repository Skaab,73,vow,Innistrad: Crimson Vow,0.01,false,NearMint,English,20230911,0.01,0.01
2,Reservoir Walker,174,aer,Aether Revolt,0.01,false,NearMint,English,20230911,0.01,0.02
1,Resistance Reunited,31,one,Phyrexia: All Will Be One,0.01,false,NearMint,English,20230912,0.01,0.01
1,Rest in Peace,12,wot,Wilds of Eldraine: Enchanting Tales,0.4,false,NearMint,English,20230916,0.25,0.25
1,Restless Fortress,259,pwoe,Wilds of Eldraine Promos,1,true,NearMint,English,20230916,0.75,0.75
1,Return Triumphant,26,woe,Wilds of Eldraine,0.01,false,NearMint,English,20230916,0.01,0.01
1,Return from the Wilds,181,woe,Wilds of Eldraine,0.01,false,NearMint,English,20231001,0.01,0.01
1,Return to Nature,195,mid,Innistrad: Midnight Hunt,0.06,false,NearMint,English,20230911,0.09,0.09
1,Returned Reveler,79,jou,Journey into Nyx,0.01,false,NearMint,English,20230912,0.01,0.01
1,Revenge of the Drowned,72,dbl,Innistrad: Double Feature,0.01,false,NearMint,English,20230911,0.01,0.01
1,Revive the Shire,185,ltr,The Lord of the Rings: Tales of Middle-earth,0.01,false,NearMint,English,20230912,0.01,0.01
1,Rimefur Reindeer,27,woe,Wilds of Eldraine,0.01,false,NearMint,English,20230916,0.01,0.01
1,Riphook Raider,203,vow,Innistrad: Crimson Vow,0.01,false,NearMint,English,20230911,0.01,0.01
1,Ripscale Predator,103,gtc,Gatecrash,0.01,false,NearMint,English,20230912,0.01,0.01
1,Ritual of Rejuvenation,32,xln,Ixalan,0.01,false,NearMint,English,20230912,0.01,0.01
1,"Rocco, Cabaretti Caterer",218,snc,Streets of New Capenna,0.02,false,NearMint,English,20230911,0.02,0.02
1,"Rograkh, Son of Rohgahh",197,cmr,Commander Legends,0.02,false,NearMint,English,20230911,0.1,0.1
1,Rohirrim Lancer,146,ltr,The Lord of the Rings: Tales of Middle-earth,0.01,false,NearMint,English,20230911,0.01,0.01
1,Roil Eruption,155,znr,Zendikar Rising,0.01,false,NearMint,English,20230911,0.01,0.01
3,Roil Eruption,389,znr,Zendikar Rising,0.06,false,NearMint,English,20230911,0.08,0.24
1,Rolling Thunder,1043,mb1,Mystery Booster,0.09,false,NearMint,English,20230911,0,0
2,"Rona, Sheoldred's Faithful",315,dmu,Dominaria United,0.01,false,NearMint,English,20230912,0.01,0.02
1,"Rona, Sheoldred's Faithful",216,dmu,Dominaria United,0.01,false,NearMint,English,20230912,0.01,0.01
1,Rootrider Faun,182,woe,Wilds of Eldraine,0.01,false,NearMint,English,20230916,0.01,0.01
1,Rosethorn Acolyte // Seasonal Ritual,174,eld,Throne of Eldraine,0.01,false,NearMint,English,20230912,0.01,0.01
1,Rosethorn Halberd,722,j22,Jumpstart 2022,0.02,false,NearMint,English,20230912,0.02,0.02
1,Rot-Tide Gargantua,396,dbl,Innistrad: Double Feature,0.04,false,NearMint,English,20230911,0.1,0.1
1,Rowan's Grim Search,104,woe,Wilds of Eldraine,0.01,false,NearMint,English,20230916,0.01,0.01
1,Rugged Highlands,315,scd,Starter Commander Decks,0.05,false,NearMint,English,20230907,0.05,0.05
3,Rugged Highlands,273,neo,Kamigawa: Neon Dynasty,0.02,false,NearMint,English,20230907,0.01,0.03
2,Rugged Highlands,271,mom,March of the Machine,0.01,false,NearMint,English,20230911,0.01,0.02
1,"Rulik Mons, Warren Chief",217,dmu,Dominaria United,0.01,true,NearMint,English,20230911,0.01,0.01
1,"Rulik Mons, Warren Chief",316,dmu,Dominaria United,0.01,false,NearMint,English,20230912,0.01,0.01
2,Rumbling Rockslide,134,iko,Ikoria: Lair of Behemoths,0.01,false,NearMint,English,20230912,0.01,0.02
1,Rumbling Sentry,35,thb,Theros Beyond Death,0.01,false,NearMint,English,20230912,0.01,0.01
2,Run Ashore,74,khm,Kaldheim,0.01,false,NearMint,English,20230912,0.01,0.02
4,Rune of Speed,148,khm,Kaldheim,0.01,false,NearMint,English,20230911,0.01,0.04
3,Runeboggle,33,gpt,Guildpact,0.02,false,NearMint,English,20230912,0.01,0.03
2,Runebound Wolf,176,vow,Innistrad: Crimson Vow,0.01,false,NearMint,English,20230911,0.01,0.02
1,Rush the Room,147,ltr,The Lord of the Rings: Tales of Middle-earth,0.01,true,NearMint,English,20230911,0.01,0.01
2,Ruthless Knave,119,xln,Ixalan,0.1,false,NearMint,English,20230912,0.2,0.4
1,Saiba Trespassers,77,neo,Kamigawa: Neon Dynasty,0.01,false,NearMint,English,20230912,0.01,0.01
1,Sanctify,33,vow,Innistrad: Crimson Vow,0.01,false,NearMint,English,20230911,0.01,0.01
1,Sanctum of Shattered Heights,157,m21,Core Set 2021,0.03,false,NearMint,English,20230911,0.03,0.03
1,Sandstorm Eidolon,70,dis,Dissension,0.04,false,NearMint,English,20230912,0.04,0.04
1,Sanguine Bond,35,wot,Wilds of Eldraine: Enchanting Tales,0.15,false,NearMint,English,20231001,0.15,0.15
1,Savage Swipe,178,mh1,Modern Horizons,0.01,false,NearMint,English,20230911,0.01,0.01
1,Sawblade Slinger,217,vow,Innistrad: Crimson Vow,0.01,false,NearMint,English,20230911,0.01,0.01
1,Scaled Herbalist,204,afr,Adventures in the Forgotten Realms,0.01,false,NearMint,English,20230911,0.01,0.01
1,Scarecrow Guide,250,woe,Wilds of Eldraine,0.01,false,NearMint,English,20231001,0.01,0.01
1,Scavenging Harpy,114,thb,Theros Beyond Death,0.01,false,NearMint,English,20230912,0.01,0.01
1,Scholar of Stars,92,cmr,Commander Legends,0.01,false,NearMint,English,20230912,0.01,0.01
3,Scorching Dragonfire,596,j22,Jumpstart 2022,0.01,false,NearMint,English,20230911,0.01,0.03
1,Scorn-Blade Berserker,124,mom,March of the Machine,0.01,false,NearMint,English,20230911,0.01,0.01
3,Scorn-Blade Berserker,124,mom,March of the Machine,0.01,false,NearMint,English,20230912,0.01,0.03
1,Scoured Barrens,274,neo,Kamigawa: Neon Dynasty,0.08,true,NearMint,English,20230911,0.08,0.08
4,Scourge Devil,55,ddk,Duel Decks: Sorin vs. Tibalt,0.03,false,NearMint,English,20230911,0.01,0.04
1,Scrap,213,usg,Urza's Saga,0.05,false,NearMint,English,20230911,0.05,0.05
2,Scrappy Bruiser,382,mom,March of the Machine,0.01,false,NearMint,English,20230911,0.01,0.02
2,Screaming Fury,78,5dn,Fifth Dawn,0.01,false,NearMint,English,20230912,0.01,0.02
1,Scroll of Avacyn,483,jmp,Jumpstart,0.04,false,NearMint,English,20230911,0.03,0.03
1,Scrollshift,34,mom,March of the Machine,0.01,false,NearMint,English,20230911,0.01,0.01
1,Scrounging Bandar,726,j22,Jumpstart 2022,0.07,false,NearMint,English,20230911,0.09,0.09
1,Scrounging Bandar,252,cmr,Commander Legends,0.01,false,NearMint,English,20230912,0.01,0.01
1,Sculpted Perfection,253,mom,March of the Machine,0.01,false,NearMint,English,20230911,0.01,0.01
1,Sculpted Perfection,253,mom,March of the Machine,0.01,false,NearMint,English,20230912,0.01,0.01
2,Sculptor of Winter,193,khm,Kaldheim,0.01,false,NearMint,English,20230912,0.01,0.02
1,Sea Gate Oracle,85,roe,Rise of the Eldrazi,0.06,false,NearMint,English,20230911,0.05,0.05
1,Seal from Existence,35,mom,March of the Machine,0.04,false,NearMint,English,20230907,0.05,0.05
1,Searing Barb,163,mom,March of the Machine,0.01,false,NearMint,English,20230911,0.01,0.01
1,Searing Barrage,140,eld,Throne of Eldraine,0.01,false,NearMint,English,20230912,0.01,0.01
1,Searing Blood,111,bng,Born of the Gods,0.01,false,NearMint,English,20230911,0.09,0.09
1,Season of Renewal,205,neo,Kamigawa: Neon Dynasty,0.01,false,NearMint,English,20230912,0.01,0.01
1,Secrets of the Key,73,mid,Innistrad: Midnight Hunt,0.01,false,NearMint,English,20230911,0.01,0.01
2,Seed of Hope,204,mom,March of the Machine,0.01,false,NearMint,English,20230911,0.01,0.02
1,Seek the Wilds,49,gnt,Game Night,0.05,false,NearMint,English,20230912,0.05,0.05
1,Seething Pathblazer,101,mor,Morningtide,0.01,false,NearMint,English,20230911,0.01,0.01
4,Seize the Storm,158,mid,Innistrad: Midnight Hunt,0.01,false,NearMint,English,20230911,0.01,0.04
1,Selective Snare,53,grn,Guilds of Ravnica,0.01,false,NearMint,English,20230911,0.01,0.01
1,Selesnya Guildgate,279,c17,Commander 2017,0.1,false,NearMint,English,20230911,0.1,0.1
1,Self-Assembler,231,a25,Masters 25,0.01,false,NearMint,English,20230911,0.01,0.01
3,Serpentine Ambush,77,vow,Innistrad: Crimson Vow,0.01,false,NearMint,English,20230907,0.01,0.03
1,Serpentine Ambush,344,dbl,Innistrad: Double Feature,0.04,false,NearMint,English,20230911,0.04,0.04
1,Serrated Scorpion,185,cmm,Commander Masters,0.05,false,NearMint,English,20230912,0.04,0.04
2,Serum Snare,68,one,Phyrexia: All Will Be One,0.01,false,NearMint,English,20230912,0.01,0.02
2,Seshiro's Living Legacy,210,neo,Kamigawa: Neon Dynasty,0.01,false,NearMint,English,20230912,0.01,0.02
3,Seven-Tail Mentor,36,neo,Kamigawa: Neon Dynasty,0.01,false,NearMint,English,20230907,0.01,0.03
1,Seven-Tail Mentor,313,neo,Kamigawa: Neon Dynasty,0.01,false,NearMint,English,20230912,0.01,0.01
1,Seven-Tail Mentor,36,neo,Kamigawa: Neon Dynasty,0.01,false,NearMint,English,20230912,0.01,0.01
2,Shackles of Treachery,150,khm,Kaldheim,0.01,false,NearMint,English,20230912,0.01,0.02
1,Shadow Summoning,226,ltr,The Lord of the Rings: Tales of Middle-earth,0.01,false,NearMint,English,20230912,0.01,0.01
1,Shady Traveler,120,dbl,Innistrad: Double Feature,0.04,false,NearMint,English,20230911,0.04,0.04
1,Sharae of Numbing Depths,213,woe,Wilds of Eldraine,0.03,false,NearMint,English,20230916,0.02,0.02
1,Shard Volley,103,mor,Morningtide,0.05,false,NearMint,English,20230911,0.14,0.14
1,Shatter,175,fwb,Foreign White-Bordered,0,false,NearMint,English,20230911,0,0
1,Shattering Pulse,102,exo,Exodus,0.09,false,NearMint,English,20230911,0.08,0.08
1,Shed Weakness,181,uma,Ultimate Masters,0.01,false,NearMint,English,20230912,0.01,0.01
1,Sheer Drop,226,mb1,Mystery Booster,0.01,false,NearMint,English,20230912,0,0
1,Shelter,29,ema,Eternal Masters,0.09,false,NearMint,English,20230911,0.09,0.09
1,Sheltering Light,35,xln,Ixalan,0.07,false,NearMint,English,20230912,0.08,0.08
1,Shivan Branch-Burner,165,mom,March of the Machine,0.01,false,NearMint,English,20230911,0.01,0.01
3,Shivan Fire,142,dom,Dominaria,0.01,false,NearMint,English,20230911,0.01,0.03
3,Shock,156,m19,Core Set 2019,0.01,false,NearMint,English,20230912,0.01,0.03
1,Shortcut Seeker,73,afr,Adventures in the Forgotten Realms,0.01,false,NearMint,English,20230911,0.01,0.01
1,Shower of Arrows,188,ltr,The Lord of the Rings: Tales of Middle-earth,0.01,false,NearMint,English,20230911,0.01,0.01
1,Shredded Sails,599,j22,Jumpstart 2022,0.06,false,NearMint,English,20230912,0.06,0.06
1,Sidewinder Naga,134,hou,Hour of Devastation,0.01,false,NearMint,English,20230912,0.01,0.01
1,Signal the Clans,194,gtc,Gatecrash,0.26,false,NearMint,English,20230911,0.26,0.26
1,Silt Crawler,123,pcy,Prophecy,0.04,false,NearMint,English,20230912,0.04,0.04
1,Silver Bolt,258,mid,Innistrad: Midnight Hunt,0.01,false,NearMint,English,20230911,0.01,0.01
4,Silverback Shaman,255,cmr,Commander Legends,0.01,false,NearMint,English,20230912,0.01,0.04
1,Silverflame Ritual,30,eld,Throne of Eldraine,0.01,false,NearMint,English,20230912,0.01,0.01
1,Simian Sling,163,neo,Kamigawa: Neon Dynasty,0.01,false,NearMint,English,20230912,0.01,0.01
1,Sinew Dancer,32,one,Phyrexia: All Will Be One,0.01,false,NearMint,English,20230912,0.01,0.01
1,Sinister Waltz,30,voc,Crimson Vow Commander,0.09,false,NearMint,English,20230911,0.1,0.1
1,Siren's Ruse,80,xln,Ixalan,0.05,false,NearMint,English,20230912,0.05,0.05
1,Skaab Wrangler,75,dbl,Innistrad: Double Feature,0.01,false,NearMint,English,20230911,0.01,0.01
4,Skeletonize,114,ala,Shards of Alara,0.02,false,NearMint,English,20230912,0.02,0.08
1,Skemfar Elderhall,268,khm,Kaldheim,0.04,false,NearMint,English,20230911,0.04,0.04
1,Skilled Animator,348,j22,Jumpstart 2022,0.01,false,NearMint,English,20230912,0.01,0.01
1,Skirk Marauder,113,lgn,Legions,0.01,false,NearMint,English,20230912,0.01,0.01
1,Skirk Prospector,137,dmr,Dominaria Remastered,0.05,false,NearMint,English,20230912,0.01,0.01
1,Skittering Heartstopper,122,xln,Ixalan,0.01,false,NearMint,English,20230911,0.01,0.01
1,Skittering Surveyor,264,mom,March of the Machine,0.01,false,NearMint,English,20230911,0.01,0.01
1,Sky-Blessed Samurai,314,neo,Kamigawa: Neon Dynasty,0.01,false,NearMint,English,20230912,0.01,0.01
1,Skyclave Aerialist,78,mom,March of the Machine,0.01,false,NearMint,English,20230912,0.01,0.01
1,Skyclave Invader,78,mom,March of the Machine,0.01,false,NearMint,English,20230912,0.01,0.01
1,Sleek Schooner,247,xln,Ixalan,0.01,false,NearMint,English,20230912,0.04,0.04
1,Sleep,74,m19,Core Set 2019,0.02,false,NearMint,English,20230912,0.1,0.1
3,Sleeper Dart,240,iko,Ikoria: Lair of Behemoths,0.01,false,NearMint,English,20230912,0.01,0.03
2,Sleight of Hand,67,woe,Wilds of Eldraine,0.01,false,NearMint,English,20230916,0.01,0.02
1,Smite the Deathless,148,ltr,The Lord of the Rings: Tales of Middle-earth,0.01,false,NearMint,English,20230912,0.01,0.01
1,Snakeskin Veil,323,cmm,Commander Masters,0.04,false,NearMint,English,20230912,0.04,0.04
1,Snare Tactician,30,iko,Ikoria: Lair of Behemoths,0.01,false,NearMint,English,20230912,0.01,0.01
1,Snaremaster Sprite,68,woe,Wilds of Eldraine,0.02,false,NearMint,English,20230916,0.01,0.01
1,Snarling Wolf,199,dbl,Innistrad: Double Feature,0.04,false,NearMint,English,20230911,0.04,0.04
2,Snubhorn Sentry,23,rix,Rivals of Ixalan,0.01,false,NearMint,English,20230912,0.01,0.02
1,Solar Blast,140,dmr,Dominaria Remastered,0.01,false,NearMint,English,20230907,0.01,0.01
1,Solitary Camel,23,hou,Hour of Devastation,0.01,false,NearMint,English,20230912,0.01,0.01
2,Solitary Sanctuary,30,woe,Wilds of Eldraine,0.01,false,NearMint,English,20230916,0.01,0.02
1,Soothing of Smagol,70,ltr,The Lord of the Rings: Tales of Middle-earth,0.01,true,NearMint,English,20230911,0.03,0.03
1,Soul-Guide Lantern,251,woe,Wilds of Eldraine,0.01,false,NearMint,English,20231001,0.01,0.01
1,Soul-Strike Technique,30,mh1,Modern Horizons,0.01,false,NearMint,English,20230911,0.01,0.01
1,Soulcipher Board,346,dbl,Innistrad: Double Feature,0.01,false,NearMint,English,20230911,0.01,0.01
1,Spark Harvest,150,cmr,Commander Legends,0.01,false,NearMint,English,20230912,0.01,0.01
1,Spark Spray,141,dmr,Dominaria Remastered,0.01,false,NearMint,English,20230907,0.01,0.01
1,Specter of Mortality,107,pwoe,Wilds of Eldraine Promos,1.1,true,NearMint,English,20230916,0.84,0.84
1,Spellkeeper Weird,69,war,War of the Spark,0.01,false,NearMint,English,20230912,0.01,0.01
1,Spidery Grasp,188,akh,Amonkhet,0.01,false,NearMint,English,20230912,0.01,0.01
1,Spiked Ripsaw,220,vow,Innistrad: Crimson Vow,0.01,false,NearMint,English,20230911,0.01,0.01
1,Spin Engine,135,mbs,Mirrodin Besieged,0.01,false,NearMint,English,20230912,0.01,0.01
1,Spirit Link,274,dmr,Dominaria Remastered,0.01,false,NearMint,English,20230912,0.03,0.03
1,Spirited Companion,208,moc,March of the Machine Commander,0.2,false,NearMint,English,20230912,0.2,0.2
2,Splashy Spellcaster,70,woe,Wilds of Eldraine,0.02,false,NearMint,English,20230916,0.01,0.02
2,Spontaneous Flight,33,iko,Ikoria: Lair of Behemoths,0.01,false,NearMint,English,20230912,0.01,0.02
3,Spore Crawler,222,vow,Innistrad: Crimson Vow,0.01,false,NearMint,English,20230907,0.01,0.03
1,Sporeback Wolf,732,j22,Jumpstart 2022,0.03,false,NearMint,English,20230911,0.03,0.03
2,Springjaw Trap,241,iko,Ikoria: Lair of Behemoths,0.01,false,NearMint,English,20230912,0.01,0.02
1,Squad Captain,38,m20,Core Set 2020,0.01,false,NearMint,English,20230912,0.01,0.01
1,Squire's Devotion,25,rix,Rivals of Ixalan,0.01,false,NearMint,English,20230912,0.01,0.01
1,Squirrel Nest,177,dmr,Dominaria Remastered,0.03,false,NearMint,English,20230907,0.04,0.04
1,Stab Wound,116,m15,Magic 2015,0.01,false,NearMint,English,20230916,0.01,0.01
1,Stalking Predator,120,dbl,Innistrad: Double Feature,0.04,false,NearMint,English,20230911,0.04,0.04
1,Startle,78,dbl,Innistrad: Double Feature,0.03,false,NearMint,English,20230911,0.03,0.03
1,Stasis Field,79,mom,March of the Machine,0.01,false,NearMint,English,20230911,0.01,0.01
2,Stinging Shot,189,akh,Amonkhet,0.01,false,NearMint,English,20230912,0.01,0.02
1,Stoke the Flames,166,mom,March of the Machine,0.01,false,NearMint,English,20230911,0.01,0.01
1,Stone Haven Medic,51,bfz,Battle for Zendikar,0.01,false,NearMint,English,20230912,0.01,0.01
1,Stone Retrieval Unit,248,bro,The Brothers' War,0.01,false,NearMint,English,20230907,0.01,0.01
1,Stonefury,203,cmr,Commander Legends,0.01,false,NearMint,English,20230912,0.01,0.01
1,Stonesplitter Bolt,151,woe,Wilds of Eldraine,0.01,false,NearMint,English,20230916,0.01,0.01
1,Stonewise Fortifier,27,jou,Journey into Nyx,0.01,false,NearMint,English,20230912,0.01,0.01
1,Stony Strength,143,rna,Ravnica Allegiance,0.01,false,NearMint,English,20230912,0.01,0.01
1,Stormrider Spirit,79,dbl,Innistrad: Double Feature,0.01,false,NearMint,English,20230907,0.01,0.01
1,Stormrider Spirit,79,mid,Innistrad: Midnight Hunt,0.01,false,NearMint,English,20230907,0.01,0.01
1,Stormrider Spirit,79,mid,Innistrad: Midnight Hunt,0.01,false,NearMint,English,20230911,0.01,0.01
1,Strangling Grasp,126,dbl,Innistrad: Double Feature,0.11,false,NearMint,English,20230911,0.11,0.11
1,Strategic Planning,47,hou,Hour of Devastation,0.01,false,NearMint,English,20230912,0.01,0.01
1,Stream of Thought,71,mh1,Modern Horizons,0.04,false,NearMint,English,20230911,0.03,0.03
2,Streetwise Negotiator,207,mom,March of the Machine,0.01,false,NearMint,English,20230911,0.01,0.02
1,"Strider, Ranger of the North",232,ltr,The Lord of the Rings: Tales of Middle-earth,0.01,false,NearMint,English,20230912,0.01,0.01
2,String of Disappearances,72,mh1,Modern Horizons,0.01,false,NearMint,English,20230911,0.01,0.02
1,Stromkirk Bloodthief,123,mid,Innistrad: Midnight Hunt,0.01,false,NearMint,English,20230911,0.01,0.01
2,Subtle Strike,785,mb1,Mystery Booster,0.04,false,NearMint,English,20230911,0,0
1,Succumb to the Cold,72,woe,Wilds of Eldraine,0.01,false,NearMint,English,20230916,0.01,0.01
2,Sudden Spinnerets,171,iko,Ikoria: Lair of Behemoths,0.01,false,NearMint,English,20230912,0.01,0.02
1,Summoning Trap,184,zen,Zendikar,0.19,false,NearMint,English,20230911,0.19,0.19
2,Sun Sentinel,307,m19,Core Set 2019,0.1,false,NearMint,English,20230912,0.1,0.2
1,Sun-Blessed Guardian,38,mom,March of the Machine,0.01,false,NearMint,English,20230907,0.01,0.01
1,Sun-Blessed Guardian,38,mom,March of the Machine,0.01,false,NearMint,English,20230912,0.01,0.01
1,Sungold Barrage,36,dbl,Innistrad: Double Feature,0.01,false,NearMint,English,20230911,0.01,0.01
1,Sunrise Cavalier,244,mid,Innistrad: Midnight Hunt,0.01,false,NearMint,English,20230911,0.01,0.01
1,Supernatural Rescue,37,vow,Innistrad: Crimson Vow,0.01,false,NearMint,English,20230911,0.01,0.01
2,Suq'Ata Lancer,145,dmr,Dominaria Remastered,0.01,false,NearMint,English,20230907,0.01,0.02
1,Sure Strike,161,m19,Core Set 2019,0.01,false,NearMint,English,20230912,0.01,0.01
1,Surtland Frostpyre,271,khm,Kaldheim,0.01,false,NearMint,English,20230911,0.01,0.01
10,Swamp,264,woe,Wilds of Eldraine,0.1,false,NearMint,English,20230916,0.23,2.3
1,Swiftwater Cliffs,273,mom,March of the Machine,0.01,false,NearMint,English,20230911,0.01,0.01
1,Swooping Lookout,35,one,Phyrexia: All Will Be One,0.01,false,NearMint,English,20230912,0.01,0.01
1,Swords to Plowshares,31,pagl,Angels: They're Just Like Us but Cooler and with Wings,0.75,false,NearMint,English,20230907,0.55,0.55
1,Swordsworn Cavalier,42,mom,March of the Machine,0.01,false,NearMint,English,20230911,0.01,0.01
1,Sylvan Bounty,165,mma,Modern Masters,0.01,false,NearMint,English,20230912,0.01,0.01
1,Sylvan Brushstrider,434,jmp,Jumpstart,0.01,false,NearMint,English,20230912,0.01,0.01
1,Symbiotic Beast,180,dmr,Dominaria Remastered,0.01,false,NearMint,English,20230907,0.01,0.01
1,Syphon Essence,84,vow,Innistrad: Crimson Vow,0.01,false,NearMint,English,20230911,0.01,0.01
1,Take Up the Shield,35,dmu,Dominaria United,0.01,false,NearMint,English,20230912,0.01,0.01
1,Taken by Nightmares,112,woe,Wilds of Eldraine,0.01,false,NearMint,English,20230916,0.01,0.01
2,Tales of Master Seshiro,210,neo,Kamigawa: Neon Dynasty,0.01,false,NearMint,English,20230912,0.01,0.02
1,Tamiyo's Compleation,83,neo,Kamigawa: Neon Dynasty,0.01,false,NearMint,English,20230912,0.01,0.01
1,Tandem Takedown,208,mom,March of the Machine,0.01,false,NearMint,English,20230911,0.01,0.01
1,Tar Snare,90,ogw,Oath of the Gatewatch,0.01,false,NearMint,English,20230911,0.01,0.01
1,"Targ Nar, Demon-Fang Gnoll",234,afr,Adventures in the Forgotten Realms,0.01,false,NearMint,English,20230911,0.01,0.01
1,Tarkir Duneshaper,43,mom,March of the Machine,0.01,false,NearMint,English,20230911,0.01,0.01
1,Teferi's Time Twist,72,war,War of the Spark,0.15,false,NearMint,English,20230912,0.14,0.14
1,Tel-Jilad Exile,133,mrd,Mirrodin,0.01,false,NearMint,English,20230912,0.01,0.01
1,Tempest Hart // Scan the Clouds,238,woe,Wilds of Eldraine,0.01,false,NearMint,English,20231001,0.01,0.01
1,Temple of Epiphany,72,ddu,Duel Decks: Elves vs. Inventors,0.22,false,NearMint,English,20230911,0.22,0.22
1,Tempting Witch,283,jmp,Jumpstart,0.02,false,NearMint,English,20230912,0.02,0.02
1,Tenacious Tomeseeker,74,woe,Wilds of Eldraine,0.02,false,NearMint,English,20230916,0.01,0.01
1,Tenured Oilcaster,126,mom,March of the Machine,0.01,false,NearMint,English,20230912,0.01,0.01
1,Terramorphic Expanse,712,cmr,Commander Legends,0.8,false,NearMint,English,20230912,0.5,0.5
3,Terrarion,273,rav,Ravnica: City of Guilds,0.01,false,NearMint,English,20230912,0.08,0.24
1,The Apprentice's Folly,200,pwoe,Wilds of Eldraine Promos,0.2,false,NearMint,English,20230916,0.2,0.2
1,The Autonomous Furnace,247,one,Phyrexia: All Will Be One,0.01,false,NearMint,English,20230907,0.01,0.01
1,The Grey Havens,255,ltr,The Lord of the Rings: Tales of Middle-earth,0.03,false,NearMint,English,20230911,0.01,0.01
1,The Modern Age,66,neo,Kamigawa: Neon Dynasty,0.01,false,NearMint,English,20230912,0.01,0.01
4,Thicket Crasher,196,m20,Core Set 2020,0.01,false,NearMint,English,20230912,0.02,0.08
1,Thopter Mechanic,68,bro,The Brothers' War,0.01,false,NearMint,English,20230912,0.01,0.01
1,Thorned Moloch,108,hou,Hour of Devastation,0.01,false,NearMint,English,20230912,0.01,0.01
1,Thoughtbound Phantasm,55,grn,Guilds of Ravnica,0.01,false,NearMint,English,20230911,0.01,0.01
1,Thraben Exorcism,39,mid,Innistrad: Midnight Hunt,0.01,false,NearMint,English,20230911,0.01,0.01
1,Thraben Exorcism,39,dbl,Innistrad: Double Feature,0.01,false,NearMint,English,20230911,0.01,0.01
1,Thran Power Suit,253,bro,The Brothers' War,0.15,false,NearMint,English,20230912,0.09,0.09
1,Thrashing Frontliner,167,mom,March of the Machine,0.01,false,NearMint,English,20230911,0.01,0.01
1,Thrill of Possibility,127,dmc,Dominaria United Commander,0.02,false,NearMint,English,20230912,0.02,0.02
1,Thriving Grove,823,j22,Jumpstart 2022,0.03,false,NearMint,English,20230911,0.01,0.01
1,"Thrun, Breaker of Silence",186,one,Phyrexia: All Will Be One,0.05,false,NearMint,English,20230907,0.1,0.1
1,Thunder Drake,73,war,War of the Spark,0.01,false,NearMint,English,20230912,0.01,0.01
1,Thundering Raiju,166,pneo,Kamigawa: Neon Dynasty Promos,0.5,true,NearMint,English,20230907,0.65,0.65
1,Thundering Spineback,437,jmp,Jumpstart,0.1,false,NearMint,English,20230912,0.1,0.1
1,Thwart the Enemy,173,iko,Ikoria: Lair of Behemoths,0.01,false,NearMint,English,20230912,0.01,0.01
1,Tidy Conclusion,794,mb1,Mystery Booster,0.05,false,NearMint,English,20230911,0,0
3,Tidy Conclusion,794,mb1,Mystery Booster,0.05,false,NearMint,English,20230912,0,0
1,Timberland Ancient,210,mom,March of the Machine,0.01,false,NearMint,English,20230911,0.01,0.01
2,Timberland Guide,202,dbl,Innistrad: Double Feature,0.02,false,NearMint,English,20230907,0.02,0.04
1,Timberland Guide,202,mid,Innistrad: Midnight Hunt,0.01,false,NearMint,English,20230907,0.01,0.01
1,Timberland Guide,187,ima,Iconic Masters,0.01,false,NearMint,English,20230907,0.01,0.01
1,Tireless Hauler,203,mid,Innistrad: Midnight Hunt,0.01,false,NearMint,English,20230911,0.01,0.01
1,Titanic Growth,203,m15,Magic 2015,0.01,false,NearMint,English,20230912,0.01,0.01
2,Titanic Growth,191,woe,Wilds of Eldraine,0.01,false,NearMint,English,20230916,0.01,0.02
1,Topiary Stomper,160,psnc,Streets of New Capenna Promos,1.01,false,NearMint,English,20230907,1.04,1.04
1,Torch the Tower,378,woe,Wilds of Eldraine,0.25,false,NearMint,English,20230916,0.16,0.16
2,"Tori D'Avenant, Fury Rider",322,dmu,Dominaria United,0.01,false,NearMint,English,20230912,0.01,0.02
2,"Tori D'Avenant, Fury Rider",223,dmu,Dominaria United,0.02,false,NearMint,English,20230912,0.02,0.04
1,Torment of Venom,79,hou,Hour of Devastation,0.01,false,NearMint,English,20230912,0.01,0.01
1,"Totentanz, Swarm Piper",216,woe,Wilds of Eldraine,0.02,false,NearMint,English,20230916,0.02,0.02
1,Tower Worker,255,bro,The Brothers' War,0.01,false,NearMint,English,20230907,0.01,0.01
1,Towering-Wave Mystic,186,jmp,Jumpstart,0.01,false,NearMint,English,20230912,0.01,0.01
4,Tranquil Cove,280,neo,Kamigawa: Neon Dynasty,0.01,false,NearMint,English,20230907,0.02,0.08
1,Transcendent Envoy,40,thb,Theros Beyond Death,0.04,false,NearMint,English,20230912,0.01,0.01
3,Traumatic Revelation,127,mom,March of the Machine,0.01,false,NearMint,English,20230911,0.01,0.03
1,Traveler's Amulet,167,hou,Hour of Devastation,0.01,false,NearMint,English,20230912,0.01,0.01
2,Treetop Ambusher,186,mh1,Modern Horizons,0.01,false,NearMint,English,20230911,0.01,0.02
1,Troublemaker Ouphe,194,woe,Wilds of Eldraine,0.01,false,NearMint,English,20230916,0.01,0.01
1,"Troyan, Gutsy Explorer",217,woe,Wilds of Eldraine,0.06,true,NearMint,English,20230916,0.02,0.02
1,Trufflesnout,212,m21,Core Set 2021,0.01,false,NearMint,English,20230911,0.01,0.01
1,Truga Cliffcharger,233,mom,March of the Machine,0.01,false,NearMint,English,20230911,0.01,0.01
2,"Tura Kennerd, Skyknight",323,dmu,Dominaria United,0.01,false,NearMint,English,20230912,0.01,0.02
1,Twining Twins // Swift Spiral,296,woe,Wilds of Eldraine,0.1,false,NearMint,English,20230916,0.05,0.05
1,Twisted Experiment,104,dmr,Dominaria Remastered,0.01,false,NearMint,English,20230907,0.01,0.01
1,Twisted Fealty,154,woe,Wilds of Eldraine,0.02,false,NearMint,English,20230916,0.01,0.01
1,Twisted Sewer-Witch,114,woe,Wilds of Eldraine,0.01,false,NearMint,English,20231001,0.01,0.01
1,"Ulasht, the Hate Seed",547,2x2,Double Masters 2022,0.88,true,NearMint,English,20230911,0.79,0.79
1,Unblinking Observer,82,dbl,Innistrad: Double Feature,0.02,false,NearMint,English,20230911,0.02,0.02
1,Underdark Basilisk,208,afr,Adventures in the Forgotten Realms,0.01,false,NearMint,English,20230912,0.01,0.01
1,Unexpected Fangs,102,iko,Ikoria: Lair of Behemoths,0.08,false,NearMint,English,20230912,0.05,0.05
1,Unhallowed Phalanx,135,vow,Innistrad: Crimson Vow,0.01,false,NearMint,English,20230911,0.01,0.01
3,Unholy Hunger,125,ori,Magic Origins,0.01,false,NearMint,English,20230912,0.01,0.03
2,Unholy Officiant,308,dbl,Innistrad: Double Feature,0.05,false,NearMint,English,20230907,0.04,0.08
1,Unholy Officiant,308,dbl,Innistrad: Double Feature,0.04,false,NearMint,English,20230911,0.04,0.04
1,Unruly Mob,40,dbl,Innistrad: Double Feature,0.01,false,NearMint,English,20230911,0.01,0.01
2,Unseal the Necropolis,128,mom,March of the Machine,0.01,false,NearMint,English,20230911,0.01,0.02
1,Unsummon,54,hou,Hour of Devastation,0.01,false,NearMint,English,20230912,0.01,0.01
1,Untamed Pup,187,dbl,Innistrad: Double Feature,0.19,false,NearMint,English,20230911,0.19,0.19
